3750 6038
58 283 1761 339 Μ

605 571 875 704 Staius
922 567 1204 703 SEXTA.

103 998 139 1061 ln
155 997 214 1065 hac
237 1007 325 1063 sexta
344 999 431 1066 Serie
455 1000 582 1089 agimus
600 1000 640 1067 de
659 1000 826 1088 llcligione
853 951 948 1068 s⁰ensu
968 997 1156 1090 generaliori
1185 1006 1326 1084 sumpta,
1360 996 1393 1063 in
1417 1016 1455 1063 eo
1469 992 1591 1062 scilicet
1609 992 1694 1083 quod
1715 991 1757 1060 sit

57 1082 193 1154 societas
218 1088 318 1153 Deum
339 1086 421 1154 inter
439 1101 469 1156 ct
501 1089 674 1171 hominem,
702 1110 840 1178 quorum
862 1102 989 1157 mutuas
1013 1086 1236 1174 complectitur
1264 1085 1448 1166 relationes,
1476 1105 1513 1150 ac
1542 1082 1676 1169 proinde
1696 1081 1751 1149 uei

54 1174 130 1256 jura
162 1187 193 1242 et
222 1174 360 1242 hominis
382 1175 502 1256 olficia;
520 1178 561 1244 da
584 1179 788 1246 Revelationc
807 1179 917 1245 divina
942 1183 981 1245 ail
1003 1176 1148 1242 homines
1173 1187 1205 1241 et
1231 1175 1272 1241 de
1295 1173 1377 1241 illius
1410 1171 1629 1261 possibilitate,
1662 1171 1754 1237 utili-

58 1271 167 1331 tatcct
192 1264 397 1349 necessitate;
424 1267 464 1333 de
488 1266 666 1354 prophetiis
689 1279 720 1334 et
740 1266 914 1346 lliraculis,
943 1288 981 1335 ac
1005 1266 1043 1333 de
1068 1265 1195 1332 illorum
1220 1275 1345 1345 natura,
1367 1264 1450 1329 notis
1473 1281 1529 1327 seu
1559 1261 1754 1326 characteri-

59 1350 120 1415 bus
149 1364 180 1419 et
211 1354 242 1420 vi
266 1355 431 1441 probante.
459 1356 578 1423 Deinde
610 1357 715 1424 varios
742 1357 933 1445 exponimus
962 1375 1087 1423 errores
1119 1374 1200 1441 quos
1230 1364 1296 1418 tum
1329 1350 1460 1440 pagani,
1482 1360 1551 1417 tuin
1572 1346 1755 1449 philosophi

10 1456 13 1461 ·
56 1438 214 1510 adversus
230 1443 416 1531 religionem
445 1444 653 1527 suscitarunt;
677 1449 818 1531 tandem,
852 1464 927 1513 cum
953 1450 1007 1512 SS.
1025 1449 1146 1524 Patres,
1176 1455 1207 1508 et
1222 1441 1401 1527 prasentia
1426 1439 1482 1529 qui
1506 1438 1621 1524 primis
1640 1455 1755 1504 vixere

56 1531 195 1617 sacculis,
225 1535 300 1598 istos
326 1552 449 1598 errores
468 1533 596 1619 scriptis
628 1546 692 1601 tam
721 1534 887 1623 polemicis
912 1554 1009 1622 quam
1030 1531 1235 1621 apologeticis
1252 1531 1501 1620 impugnavere,
1529 1527 1568 1594 de
1589 1526 1640 1595 his
1672 1524 1756 1593 scri·

55 1623 120 1709 ptis
140 1620 249 1688 varios
264 1619 451 1708 subjicimus
464 1621 602 1690 ludices.

838 2074 979 2176 um.

602 2281 777 2374 lNIlEX
795 2285 866 2374 DE
885 2283 1182 2377 RELlGlONll

754 2457 897 2496 aramma
918 2459 1050 2508 eruciari,

289 2570 321 2619 m
337 2571 396 2628 0ῦο
412 2569 603 2622 uacaturus
619 2573 729 2623 cautus
746 2574 974 2624 cuaonotoeico
992 2576 1031 2625 1)ss
1050 2577 1115 2625 1th
1133 2576 1175 2624 ss.
1197 2571 1315 2622 Palm
1333 2569 1515 2620 smithius

813 2856 1005 2924 llONl‘lUll.

92 3047 402 3122 Religionis'generatim
428 3054 552 3120 spectatae
567 3047 603 3105 do
619 3063 666 3103 mii
684 3047 730 3105 his
753 3055 806 3106 atet
832 3049 924 3108 verbis
949 3050 1074 3124 Apostoli
1091 3050 1249 3108 Invisibilia
1277 3051 1353 3109 enim
1367 3049 1457 3124 ipsius
1471 3046 1596 3129 (⁰⁶02,ss
1623 3043 1761 3100 irritari

55 3122 170 3190 muudi,
182 3137 275 3194 perca
306 3138 353 3178 iiie
365 3123 446 3193 sactu
460 3124 538 3189 sunt,
549 3121 610 3178 inte
623 3123 695 3180 tecta
704 3123 937 3194 campidoniam
952 3127 1127 3196 sempiterna
1140 3140 1248 3197 qiioqiic
1259 3125 1318 3179 c'iia
1332 3122 1426 3179 oirtiir
1436 3123 1464 3177 et
1478 3119 1614 3175 divinetur
1629 3116 1718 3195 (Ropi-
1738 3126 1759 3180 t,

55 3197 116 3264 tog
126 3200 153 3248 et
169 3140 388 3272 hdslsafmistae
404 3208 411 3247 :
427 3192 626 3265 Sipootiiniett
636 3207 786 3274 supernos
796 3194 1002 3253 lumenciiltiia
1013 3197 1068 3261 iiii,
1078 3141 1288 3264 Domincffrol.
1303 3209 1343 3263 ii,
1353 3193 1392 3264 i).
1409 3192 1466 3248 lloc
1480 3196 1536 3245 est:
1552 3190 1637 3269 Deus,
1649 3197 1757 3268 quina·

56 3274 118 3319 tura
135 3263 282 3320 invisibilia
308 3269 357 3330 est,
382 3262 562 3335 qualicunque
590 3263 763 3320 similitudine
787 3265 935 3334 potentiam
962 3282 1040 3323 suani
1061 3266 1260 3336 demonstrans,
1277 3281 1304 3320 se
1327 3265 1443 3336 quodam
1469 3264 1551 3317 modo
1574 3257 1753 3336 viden-per-

56 3335 151 3390 mittit.
165 3333 271 3390 Etenim
285 3333 350 3389 dum
368 3343 472 3390 nosmet
500 3334 574 3405 ipsos
596 3343 623 3390 et
635 3350 695 3407 quic
711 3342 876 3393 suntcreata
889 3337 1036 3405 cernimus,
1052 3337 1079 3393 iii
1095 3336 1228 3394 Creatoris
1251 3335 1426 3393 admiratione
1453 3332 1636 3414 sublevamur,
1652 3327 1756 3407 dirmi-

56 3405 121 3462 tatia
143 3404 264 3462 notitiam
290 3406 451 3478 colligimus,
467 3412 493 3461 et
506 3422 555 3477 per
570 3421 620 3461 nos
634 3417 660 3464 et
673 3407 809 3478 hocquod
832 3407 931 3466 lactum
946 3417 987 3465 eat
1000 3409 1129 3465 virtutem
1156 3407 1276 3464 Factcris
1294 3406 1470 3470 admiramur;
1491 3418 1520 3457 iii
1553 3400 1635 3482 rebus
1659 3404 1757 3477 creatrs

56 3484 154 3558 pateus
167 3476 267 3533 diiinae
293 3477 455 3548 cognitionis
477 3479 548 3532 inest
561 3476 711 3546 indicium
728 3494 777 3548 per
799 3479 851 3535 hoc
865 3480 941 3537 Deus
969 3479 1088 3536 interiori
1107 3479 1210 3536 homini
1226 3488 1318 3536 nostro
1340 3494 1418 3535 suani
1433 3472 1590 3531 mirabiliter
1617 3474 1758 3550 impressit

55 3566 65 3603 i
130 3548 214 3612 inem,
243 3557 270 3604 et
297 3548 367 3604 sicut
381 3549 408 3604 iii
434 3563 464 3603 se
487 3549 618 3606 bonorum
642 3563 755 3619 operum
770 3564 849 3605 exem
870 3550 925 3605 luni
953 3551 1106 3608 hominibus
1131 3549 1249 3616 tradidit,
1266 3551 1306 3606 sic
1320 3548 1503 3606 testimonium
1529 3559 1586 3600 auae
1613 3548 1758 3612 agnitioni!

55 3621 85 3676 iri
109 3618 162 3674 ilis
183 3617 332 3687 collocarit,
352 3624 382 3675 ut
408 3634 469 3675 cum
491 3620 550 3690 ejus
574 3619 675 3694 imago,
689 3620 746 3677 sire
769 3619 795 3675 iii
811 3566 900 3689 nohis,
919 3621 978 3698 aire
1002 3623 1030 3679 in
1053 3622 1193 3688 creaturis,
1218 3622 1376 3692 ubauditur,
1391 3620 1464 3676 illius
1490 3617 1568 3699 cujus
1595 3613 1683 3696 imago
1704 3617 1755 3675 est,

55 3689 161 3762 agnitio
188 3689 321 3760 rapiatur.
337 3690 502 3747 Naturaliter
524 3705 590 3765 ergo
605 3699 632 3747 et
647 3690 798 3748 necessario
813 3691 949 3750 latendum
963 3694 1035 3765 qnod
1063 3708 1118 3750 non
1144 3692 1233 3750 solnm
1246 3693 1274 3748 iri
1295 3691 1377 3748 nobis
1401 3701 1428 3748 et
1451 3690 1478 3744 in
1503 3700 1635 3744 universis
1662 3680 1755 3766 rebus.

57 3760 107 3817 scd
122 3763 151 3818 in
178 3760 294 3843 singulis
321 3759 407 3834 fulget
432 3761 555 3844 quiedam
583 3762 673 3836 imago
696 3770 724 3817 et
749 3763 896 3837 vestigium
914 3764 1043 3832 Deitatis;
1065 3763 1135 3839 quod
1159 3765 1186 3818 in
1216 3763 1400 3836 magnitudine
1421 3758 1613 3825 universitatis,
1646 3760 1716 3810 sicut
1729 3766 1758 3834 iu

58 3830 136 3889 vultu
158 3831 399 3888 hominisnotatur
423 3832 514 3889 divina
532 3833 661 3905 potentia,
684 3831 713 3888 in
741 3848 833 3891 rerum
860 3833 1061 3906 pulchritudine
1084 3833 1225 3917 sapientie,
1249 3843 1276 3890 ct
1299 3832 1452 3889 inutilitate
1477 3830 1606 3896 bonitas;
1631 3824 1704 3899 quod
1728 3839 1757 3878 tn

58 3903 102 3959 his
116 3903 168 3959 Dei
182 3902 379 3970 invadiatas,
394 3903 497 3960 scilicet
524 3904 655 3977 potentia,
679 3903 813 3976 rapientia
841 3915 868 3961 ct
890 3905 1020 3974 bonitate,
1048 3913 1200 3964 consistunt
1213 3904 1314 3972 omnia,
1338 3912 1366 3960 ot
1380 3919 1428 3972 per
1453 3902 1514 3983 hcc
1525 3908 1665 3972 reguntur.
1690 3896 1758 3950 Nam

59 3974 180 4056 potentia
196 3983 280 4042 creat,
306 3973 437 4046 sapientia
451 3977 593 4051 gubernet,
621 3975 773 4048 benignitas
804 3986 954 4034 conservat.
984 3977 1050 4046 Quae
1066 3986 1155 4032 tamen
1176 3976 1248 4033 sicut
1270 3976 1296 4030 in
1314 3976 1370 4031 ileo
1389 3971 1657 4051 ineffabiliterunum
1683 3973 1755 4031 aunt,

58 4056 95 4102 itii
108 4045 137 4101 iu
156 4046 313 4117 operatione
325 4045 444 4118 separari
463 4062 516 4104 non
536 4057 659 4119 possunt,
674 4064 736 4104 cuin
752 4047 871 4120 potentia
902 4065 951 4121 per
977 4047 1173 4122 benignitatem
1192 4047 1327 4116 sapienter
1341 4050 1424 4113 creet,
1441 4043 1570 4112 sapientia
1583 4055 1634 4110 per
1660 4043 1757 4117 poten·

59 4118 123 4172 iiam
151 4117 267 4190 benigne
293 4119 433 4190 gubernet,
459 4127 486 4173 et
511 4118 664 4190 benignitas
684 4134 734 4189 per
748 4118 910 4190 sapientiam
938 4126 1062 4190 potenter
1086 4127 1238 4175 conservet.
1263 4117 1332 4172 Hinc
1360 4115 1429 4171 miro
1456 4112 1551 4169 ordina
1579 4111 1653 4192 Deus
1679 4107 1759 4160 intet-

58 4187 197 4263 ligeutiam
226 4187 268 4243 siii
295 4190 334 4244 sic
357 4186 475 4245 infundit
489 4196 518 4243 ut
532 4190 680 4258 subtrahat,
696 4198 724 4245 et
750 4189 790 4246 sic
816 4189 952 4249 subtrahit
974 4199 1002 4246 ut
1015 4189 1147 4245 iulundat.
1163 4190 1191 4244 ln
1217 4188 1341 4244 omnibns
1356 4202 1421 4258 ergo
1436 4185 1521 4241 rebus
1534 4191 1632 4239 creatis
1646 4178 1757 4235 Creator

59 4258 242 4325 multipliciter
254 4258 341 4316 elucet
362 4275 469 4330 semper
491 4269 581 4325 notus,
603 4275 709 4330 semper
723 4258 891 4333 intelligitur,
907 4276 1014 4331 semper
1038 4260 1155 4327 auditur,
1171 4259 1234 4332 quia
1258 4274 1395 4330 nunquam
1410 4258 1481 4326 latet,
1509 4268 1645 4335 nunquam
1670 4251 1758 4332 deest.

57 4332 126 4386 Cum
142 4345 207 4405 ergo
221 4329 255 4385 sit
269 4345 286 4386 a
298 4331 437 4401 majestate
464 4330 635 4397 mirabilis,a
657 4331 788 4401 sapientia
810 4333 985 4404 venerahilis,
1000 4339 1026 4387 et
1041 4350 1056 4387 a
1072 4332 1190 4388 bonitate
1205 4330 1338 4398 amabilis,
1365 4329 1395 4385 lit
1413 4327 1550 4385 funiculus
1566 4323 1661 4395 triplex
1690 4327 1759 4376 inter

58 4400 210 4458 uenam
233 4409 261 4456 et
287 4401 476 4459 rationabilem
489 4411 648 4473 creaturam,
676 4402 722 4475 qui
746 4403 824 4458 tacite
839 4418 893 4460 non
916 4404 1059 4476 rumpitur,
1074 4409 1105 4461 ut
1117 4403 1248 4472 timeatur,
1264 4402 1412 4460 honoretur
1425 4408 1452 4457 et
1482 4397 1634 4481 diligatur,
1657 4399 1685 4449 et
1709 4393 1760 4447 hac

57 4471 213 4529 eruditione
227 4471 375 4547 gignimur,
396 4479 426 4529 ut
450 4474 591 4545 generanti
607 4490 657 4530 nos
670 4474 727 4529 Deo
739 4475 815 4545 juata
828 4489 860 4531 ac
881 4474 972 4534 debita
987 4474 1116 4548 obsequii
1132 4475 1310 4545 praebeamus,
1325 4473 1397 4530 hunc
1424 4484 1588 4535 norenmus,
1612 4467 1685 4524 hune
1712 4478 1759 4520 se-

57 4558 186 4615 quamur.
202 4542 259 4600 lloc
271 4544 378 4601 vinculo
411 4543 500 4601 ietatis
522 4553 550 4601 et
564 4543 684 4602 obstricti
699 4555 725 4601 et
739 4545 845 4618 religati
859 4563 962 4603 sumus.
983 4547 1062 4605 Unde
1076 4548 1133 4629 ipsa
1155 4544 1262 4628 Religio
1276 4560 1381 4602 nomem
1408 4541 1557 4614 assumpsit
1571 4556 1586 4595 a
1600 4534 1757 4621 relipqiidoi

56 4623 84 4671 rt
96 4614 139 4671 aic
158 4614 311 4685 appellatur
323 4561 460 4689 quoifper
472 4631 533 4672 cern
548 4617 606 4673 Deo
626 4616 774 4690 religamus
796 4625 825 4672 et
849 4617 876 4672 iii
895 4617 997 4675 fascem
1024 4617 1159 4674 vincimus
1185 4632 1288 4673 animas
1315 4622 1427 4674 nostras
1449 4612 1484 4669 ad
1509 4610 1611 4669 cultam
1637 4610 1759 4692 divinum

56 4684 168 4742 vinculo
191 4685 337 4756 serviendi,
364 4703 411 4744 seu
444 4686 488 4743 uia
510 4687 650 4758 cujusdam
675 4694 777 4744 naturae
792 4688 950 4759 superioris,
972 4705 1052 4762 quam
1071 4688 1190 4745 divinam
1211 4694 1319 4753 rocant,
1335 4701 1431 4744 curam
1454 4691 1482 4743 et
1508 4695 1684 4739 caeremonias
1715 4678 1760 4760 il·

54 4756 119 4812 lert.
150 4755 217 4826 Quae
239 4756 375 4840 evidenter
393 4704 537 4816 deducitur
551 4773 586 4814 er
608 4758 661 4816 hoc
679 4758 753 4834 quod
782 4758 902 4887 cpgiiitio
925 4760 976 4817 Dei
1005 4775 1112 4831 semper
1126 4759 1208 4817 luerit
1222 4759 1248 4814 in
1265 4758 1361 4841 terrisj
1392 4773 1453 4813 nain
1479 4757 1564 4812 [leiim
1589 4765 1672 4809 nosse
1686 4748 1755 4835 ⁸quid

55 4826 183 4901 prodest,
197 4828 220 4883 si
243 4827 357 4902 diligere
384 4844 415 4884 ac
434 4832 528 4888 timere
555 4829 630 4887 cordi
643 4845 697 4885 non
711 4830 774 4887 esti
823 4839 833 4886 t
856 4833 939 4888 herus
952 4832 986 4887 de
1017 4847 1096 4889 serio
1121 4847 1170 4887 suo
1184 4829 1269 4903 exigit
1290 4836 1458 4895 servitutem,
1473 4833 1499 4882 et
1514 4826 1594 4881 homo
1620 4824 1757 4878 hominem

55 4898 111 4954 sihi
141 4914 237 4970 parere
255 4906 282 4955 ct
296 4897 406 4956 obedire
427 4901 574 4984 compellit,
603 4902 641 4957 sic
663 4900 733 4970 iuris
757 4901 867 4957 humani
890 4913 917 4959 ct
943 4902 1075 4959 naturalis
1095 4903 1238 4974 potestatis
1266 4909 1308 4959 est
1333 4900 1436 4957 homini
1465 4912 1528 4954 cum
1546 4896 1603 4951 Deo
1630 4894 1760 4979 conjungi

55 4972 160 5027 timore
187 4977 216 5026 et
241 4986 333 5028 amore
347 4970 409 5044 quia
424 4973 555 5030 Dominus
583 4982 611 5028 et
638 4974 726 5029 Pater.
753 4971 820 5042 Qiiae
834 4974 888 5030 dno
912 4973 938 5028 in
963 4974 1067 5029 duobus
1094 4974 1250 5030 nominibus
1270 4987 1323 5028 una
1347 4987 1390 5029 rcs
1414 4977 1440 5026 ct
1456 4969 1497 5028 vis
1519 4973 1583 5049 sunt
1604 4965 1760 5047 alterarum

55 5056 144 5099 seriari
167 5041 296 5115 positum,
324 5049 350 5098 et
370 5042 480 5098 altemin
509 5043 538 5099 iu
564 5054 639 5111 actu;
656 5060 720 5101 uam
742 5042 802 5101 icus
829 5043 967 5117 religionis
991 5047 1061 5101 liciis
1085 5045 1161 5101 solua
1184 5054 1234 5111 est,
1259 5045 1333 5100 aolus
1356 5043 1383 5098 iii
1399 5049 1488 5101 mente
1513 5038 1679 5094 dedicandus
1692 5044 1719 5120 et
1732 5052 1760 5120 iu

56 5120 172 5182 pectora
197 5113 397 5171 consecrandus
423 5129 484 5170 cuin
512 5113 682 5186 subjectione
712 5124 822 5173 externa
848 5115 1028 5188 qualicunque
1055 5131 1088 5172 ex
1118 5124 1195 5188 parte
1223 5121 1324 5171 nostra.
1349 5114 1392 5171 aii
1421 5114 1545 5169 ultimum
1573 5122 1638 5191 ergo
1664 5106 1761 5179 religio

55 5181 211 5255 generatim
224 5192 345 5258 spectata
358 5191 400 5242 est
413 5185 471 5241 rori
484 5184 535 5244 Dei
550 5186 671 5257 cognitio
685 5195 713 5243 et
726 5186 826 5258 cultus,
839 5194 944 5244 semota
956 5185 1104 5260 quastione
1129 5201 1184 5257 quo
1206 5186 1288 5243 modo
1310 5195 1337 5243 et
1350 5185 1402 5242 ritu
1417 5182 1548 5241 colendus
1561 5185 1606 5249 sit,
1630 5179 1759 5262 dummo-

55 5256 216 5311 decolatur
242 5257 352 5313 autcoli
367 5256 503 5324 credatur,
518 5257 627 5314 etiamsi
644 5274 726 5315 verus
751 5258 905 5315 Deusldso
930 5265 957 5313 et
981 5258 1091 5331 indigno
1119 5256 1191 5314 cultu
1217 5256 1320 5314 colatur
1342 5268 1369 5313 et
1400 5257 1564 5333 honoretur,
1587 5257 1615 5306 et
1641 5249 1761 5307 admisso

56 5324 135 5395 qnod
149 5339 204 5381 noir
231 5327 304 5383 obsit
317 5327 461 5401 uuicuique
475 5329 563 5385 colere
578 5330 650 5402 quod
673 5329 809 5403 putaverit
826 5346 921 5387 rerum
936 5330 1021 5386 Deuni
1041 5343 1103 5384 cum
1127 5325 1225 5402 religio
1252 5329 1280 5383 in
1294 5342 1397 5401 genere
1411 5331 1517 5397 sumpta
1544 5329 1579 5392 sit
1600 5335 1645 5379 res
1663 5329 1761 5395 preter

57 5399 349 5472 mansioniarii,
364 5415 414 5456 ricc
426 5399 572 5458 uecesaitia
585 5401 684 5474 cuique
699 5403 802 5473 imponi
817 5401 903 5472 possit
915 5408 946 5458 ut
960 5401 1030 5458 colat
1042 5399 1115 5472 quod
1131 5414 1184 5456 non
1199 5400 1264 5456 vult.
1673 5465 1679 5477 ι

95 5467 180 5526 ludex
205 5467 257 5526 iate
284 5469 389 5543 attingit
413 5470 472 5529 haec
497 5470 629 5545 principia
651 5480 678 5530 et
701 5472 886 5531 conclusiones
906 5473 978 5544 iuris
1006 5471 1143 5543 naturalis,
1171 5485 1225 5528 non
1248 5470 1359 5528 excluso
1388 5467 1480 5543 quod,
1509 5472 1608 5538 preter
1631 5471 1761 5522 rationem

58 5539 163 5611 templa
189 5540 336 5611 adificare,
350 5540 481 5600 aierilicia
506 5542 608 5617 lacere,
623 5543 724 5617 gratias
750 5546 808 5602 Deo
836 5543 960 5601 conferre
986 5560 1019 5600 ex
1046 5542 1088 5598 his
1114 5559 1174 5616 quoe
1203 5541 1254 5624 ipsi
1278 5541 1382 5609 tribuit,
1397 5539 1470 5669 ‹puod
1494 5547 1592 5621 prater
1615 5535 1715 5619 cultum
1735 5537 1764 5593 in

57 5611 159 5679 odora
183 5627 213 5667 sa
270 5613 324 5679 ine,
350 5623 477 5685 precari
503 5614 729 5686 invocationibus,
744 5615 817 5688 quod
834 5624 932 5687 praeter
962 5614 1145 5673 testimonium
1176 5629 1271 5671 animae
1299 5613 1332 5668 ad
1365 5627 1464 5670 coeum
1479 5618 1655 5693 respicientis·
1678 5615 1706 5666 ct
1728 5609 1762 5691 ael

58 5683 150 5741 mum
178 5691 224 5742 teu
243 5684 312 5742 ends
338 5687 417 5744 decet
442 5693 472 5743 iit
498 5687 534 5745 sit
560 5685 642 5746 etiam
659 5687 688 5745 iu
715 5688 841 5746 humanis
854 5686 952 5746 clhciia
977 5694 1181 5747 consummatur
1199 5683 1311 5759 iustitia
1331 5687 1416 5760 crdo,
1435 5684 1553 5743 studere
1567 5687 1724 5753 pisanae&
1739 5693 1778 5731 ui
