3750 6038
26 3642 39 3817 l.

73 151 125 215 sut

72 279 261 344 monialegitur
276 293 282 329 :
296 278 416 329 'l'iemone
430 286 540 344 martyre
550 281 616 331 inter
630 289 753 334 tormenta
779 284 897 337 immani·

74 351 111 393 ter
127 343 270 393 excruciato
287 350 311 392 et
325 341 451 401 deiuncto,
465 351 493 391 ιιι
510 343 623 393 homines
638 346 722 396 conati
736 355 795 396 suut
817 349 898 400 sancti

74 405 196 477 martyris
217 403 330 454 membra
345 405 376 454 de
399 413 465 454 terra
480 405 571 465 levare,
588 405 654 457 Deus
674 409 819 471 ponderavit
843 411 895 472 illa,

73 481 151 530 qnasi
166 468 280 518 maxima
293 468 417 516 montium
432 467 607 525 fundamenta,
617 478 641 518 et
655 484 702 520 nec
715 471 848 522 minimum
856 474 897 522 di-

73 529 187 592 gitorum
208 529 349 580 membrum
372 529 425 579 ullo
448 538 544 592 poterat
564 530 672 581 artidcio
697 533 780 584 levare
799 536 899 597 gentilis

74 599 166 643 turma.
188 592 220 644 llt
236 599 320 642 autem
334 605 378 641 rex
391 590 488 640 audiit
502 593 547 643 hoc
557 594 649 643 iactum
669 595 827 655 miraculum,
840 612 898 661 per·

73 655 178 704 territus
203 662 241 704 est
256 668 312 703 cum
336 655 389 703 suis
404 655 469 717 quod
496 661 545 704 tam
568 656 710 708 inauditum
733 667 900 729 perpetrasset

72 717 250 767 homicidium.
262 716 301 775 iti,
313 715 420 765 concilio
430 715 500 776 inito,
511 716 580 766 misit
592 719 623 768 ad
633 733 707 769 suum
717 720 899 786 consiliarium,

73 777 389 829 nefandissimumidolum
398 777 755 843 llachmitnominatquuae
779 791 901 834 estasunt

74 842 218 902 nuntiarit;
231 855 288 904 qnae
297 839 380 890 adhuc
391 840 507 890 iacienda
515 850 599 891 essent
609 843 748 904 inquisivit.
758 798 804 895 iul
814 845 899 896 statim

72 904 174 954 idolum
190 903 240 952 tale
255 904 333 952 fertur
347 902 446 953 dedisse
463 916 613 967 responsum
630 917 636 952 ε
652 905 757 968 Magnus
771 914 795 956 et
809 917 899 969 potens

73 974 114 1016 est
138 965 206 1016 Deus
220 964 436 1026 Christianorum
455 979 514 1015 nam
531 966 585 1015 suis
602 967 708 1016 testibus
723 976 899 1031 postmortem

73 1028 119 1077 dat
133 1029 219 1079 virere
234 1028 259 1077 iii
273 1041 349 1090 regno
366 1028 493 1078 cmlorum.
509 1027 570 1078 Ecce
584 1029 744 1080 manilestum
763 1037 810 1088 est,
823 1045 898 1094 quem

73 1090 212 1150 cecidistis,
227 1103 302 1140 suuni
318 1103 373 1140 esse
386 1089 620 1151 familiarissimum,
635 1098 660 1140 et
675 1090 732 1141 ideo
747 1100 898 1155 potestatem

73 1152 171 1203 habere
185 1166 236 1202 non
256 1151 361 1215 potestis
375 1151 402 1201 in
419 1152 471 1202 illis
485 1151 613 1202 membris.
627 1153 691 1214 Ergo
705 1154 766 1218 quia
784 1169 830 1205 vos
846 1168 897 1206 non

72 1217 183 1328 Retectis
196 1215 254 1265 date
266 1214 395 1265 licentiam
407 1214 556 1265 Christianis
574 1222 701 1280 quatenus
714 1217 784 1266 illum
797 1217 898 1267 honori-

90 1292 129 1337 ce,
146 1284 171 1327 et
185 1277 318 1327 maximum
338 1276 436 1328 Patrem
452 1277 572 1328 studeant
586 1278 700 1340 sepelire,
714 1287 737 1327 et
751 1293 826 1343 quem
840 1279 897 1343 epi-

71 1353 179 1451 scopum
193 1352 308 1390 meruere
324 1339 459 1399 viventem,
470 1347 527 1404 post
538 1347 642 1390 mortem
652 1341 754 1404 dignum
763 1350 897 1404 patronum

73 1417 103 1452 se
138 1400 214 1452 abere
229 1402 365 1465 gaudeant.
380 1402 411 1452 Et
428 1401 518 1452 reuersi
532 1402 613 1451 nuntii
627 1416 684 1467 quse
697 1405 828 1455 audierant
844 1403 896 1468 regi

72 1477 122 1514 suo
138 1464 250 1514 detulere
264 1478 304 1513 res
340 1478 397 1524 nse,
414 1463 544 1523 cxlviii,
558 1466 613 1523 903,
629 1468 685 1516 904.

104 1524 245 1578 tuendus
267 1525 305 1576 Sd
329 1525 521 1588 assumetis,
537 1525 639 1577 Carum.
662 1527 740 1591 episc.
756 1554 787 1565 -
801 1527 895 1592 Vespa·

72 1589 175 1638 danum
191 1588 285 1638 ludaei
307 1596 471 1650 testatorem,
504 1595 632 1653 atramque
646 1588 695 1639 Titi
709 1590 897 1653 Hierosolymo·

73 1665 131 1701 rum
143 1650 180 1714 pii
193 1651 364 1723 crameriam
379 1652 473 1723 quibus
491 1665 533 1722 aiii
543 1652 708 1714 scriptoribus
718 1652 813 1716 placuit
822 1654 897 1703 mira·

72 1714 192 1763 culorum
210 1726 288 1775 siguis
303 1713 336 1762 ad
349 1714 487 1763 faciendam
504 1712 638 1762 vindictam
655 1714 681 1762 in
698 1715 842 1765 nationibus
853 1715 897 1766 uei

72 1775 168 1839 digitus
181 1775 301 1825 excitarit
314 1776 369 1838 (nos
383 1789 441 1824 vero
458 1775 511 1825 lieec
524 1775 645 1824 miracula
662 1776 719 1824 licta
733 1780 770 1826 iel
779 1779 843 1827 ialsa
855 1791 897 1842 po

73 1838 122 1888 tius
137 1838 277 1901 putemus).
293 1837 379 1901 lpsum
396 1851 505 1899 namque
520 1838 626 1887 necdum
641 1838 824 1901 imperatorem,
836 1839 897 1903 qui·

71 1900 162 1950 dame
192 1898 247 1949 lebe
270 1898 410 1949 luminibus
436 1906 557 1960 orbatus;
572 1900 682 1963 itemque
704 1900 770 1950 alius
791 1901 897 1951 claudus

71 1975 144 2012 crure
170 1913 272 2020 siebilis,
292 1961 420 2011 sedentem
442 1974 488 2025 pro
511 1961 631 2011 tribunali
655 1962 748 2023 pariter
771 1963 896 2025 adierunt,

71 2031 174 2075 orantes
200 2038 272 2086 opem
299 2022 447 2082 valetudini,
462 2037 492 2073 eo
512 2025 581 2086 quod
603 2023 652 2073 sibi
678 2024 743 2073 leret
763 2025 789 2074 in
813 2026 896 2089 quiete

72 2092 248 2143 monstratum,
264 2086 350 2134 oculos
366 2085 545 2145 restituendos,
563 2086 584 2135 si
601 2100 643 2135 eos
658 2085 700 2135 ille
712 2086 853 2151 inspiceret,
872 2095 897 2138 et

71 2162 130 2198 crus
145 2147 223 2197 debili
237 2147 415 2207 roborandum,
432 2149 453 2196 si
468 2147 532 2197 illud
554 2148 699 2210 dignaretur
713 2150 781 2199 calce
796 2150 894 2199 contin-

13 2254 16 2265 ,
72 2222 148 2272 gere;
163 2209 292 2259 orantibus
309 2209 406 2267 amicis,
422 2209 478 2258 licet
495 2209 598 2266 imitus,
622 2217 755 2273 utrumque
773 2213 893 2275 tentavit;

73 2286 121 2322 noc
138 2272 217 2322 detuit
235 2280 339 2321 eventus
365 2270 470 2330 cxcix,
486 2273 542 2323 426.
560 2270 625 2331 Quid
645 2273 675 2322 de
692 2275 893 2334 necromanticis,

72 2349 180 2397 quorum
194 2335 318 2398 impietus,
334 2309 383 2383 beo
400 2339 510 2392 anctore,
524 2348 569 2397 per
584 2334 704 2398 seipsam
731 2336 826 2399 ubique
840 2336 894 2399 jam

72 2397 158 2454 siluit,
175 2397 224 2446 uisi
237 2396 303 2459 quod
320 2403 398 2444 morte
413 2395 484 2457 digni
503 2404 570 2455 sunt,
588 2397 633 2458 qul
647 2411 663 2446 a
678 2407 758 2446 morte
772 2406 895 2449 conentur

73 2459 206 2508 scientiam
216 2469 331 2508 mutuare
340 2457 351 2505 l
359 2457 422 2507 Nam
432 2460 463 2507 de
473 2457 628 2522 auspicibus,
638 2459 784 2522 auguribus,
795 2461 893 2521 ariolis,

73 2521 241 2583 pythonissis,
251 2519 411 2582 aruspicibus
425 2528 450 2571 et
463 2520 530 2579 aliis,
544 2534 653 2585 quorum
669 2535 720 2584 pras
735 2522 895 2573 multitudine

74 2582 181 2632 tediosa
197 2590 233 2632 est
251 2582 416 2640 enumeratio,
430 2582 616 2645 productiorem
638 2597 778 2632 seimonem
801 2593 894 2647 texere,

16 2654 20 2663 ·
73 2658 131 2694 cum
146 2658 220 2695 nemu
229 2645 333 2695 istorum
345 2643 397 2706 jum
412 2645 584 2708 progrediatur
595 2644 721 2703 inlocum,
736 2647 781 2695 sed
794 2647 822 2696 in
832 2647 893 2696 lati·

73 2706 153 2767 bulis,
164 2708 188 2757 si
201 2708 257 2772 quis
267 2714 305 2756 est
319 2714 435 2757 exerceat
448 2721 525 2771 opera
532 2708 701 2766 tenebrarum,
712 2722 893 2771 supervacuum

73 2777 120 2818 est.
138 2769 272 2834 aruspices
283 2783 330 2841 pro
344 2770 450 2832 partein
467 2769 531 2819 estis
546 2769 694 2818 aiiimalium
708 2769 821 2819 diiiiiare
831 2786 894 2834 prco-

74 2830 169 2881 dirsum
186 2840 233 2882 est.
247 2831 426 2882 chiromantici
440 2844 543 2896 quoque
559 2846 629 2891 vera,
645 2845 700 2895 qua
715 2831 741 2880 in
755 2833 824 2894 rugis
840 2846 893 2882 ma·

73 2907 155 2943 nuum
169 2894 253 2956 latent,
269 2908 296 2944 se
317 2908 393 2944 nosse
410 2893 555 2957 gloriantur.
571 2894 765 2955 Pythonicorum
782 2908 839 2944 iero
863 2909 893 2945 eo

74 2956 239 3019 perniciosior
260 2964 299 3007 est
313 2956 465 3006 consultatio
481 2970 532 3020 qno
553 2956 653 3007 fallacia
666 2956 830 3027 malignomm
842 2958 893 3028 spi·

73 3019 168 3069 uiuum
185 3018 211 3068 iii
227 3018 268 3067 liis
285 3025 325 3068 est
345 3019 506 3076 manilestior,
523 3019 567 3082 qui
586 3020 639 3068 sive
665 3027 824 3078 mentiantur,
842 3033 894 3069 sive

74 3093 136 3139 nori,
149 3080 177 3130 in
190 3082 320 3145 proposito
336 3095 436 3144 semper
448 3079 541 3131 habent
555 3088 582 3130 ut
596 3088 711 3131 noceant.
731 3082 831 3131 Fallunt
843 3096 891 3130 an·

74 3151 125 3193 tem
138 3143 264 3194 interdum
280 3144 364 3194 studio
378 3142 492 3202 iallendi,
509 3143 634 3193 interdum
652 3143 770 3192 caecitatis
785 3138 836 3193 suae
849 3158 891 3193 er·
908 3159 911 3164 ·

74 3219 131 3256 rore
144 3204 240 3269 decepti
251 3205 293 3267 ;id
307 3213 416 3256 tainena
431 3213 477 3255 unt
490 3206 635 3265 assideant
648 3205 790 3255 futurorum
799 3206 893 3256 conscii

72 3281 117 3332 per
131 3267 369 3319 omuiaiideantur.
381 3220 442 3318 luis
452 3280 489 3318 est
503 3267 572 3330 quod
586 3267 749 3329 ambiguitate
757 3267 893 3319 verborum

71 3329 222 3381 obnubilare
235 3332 337 3381 student
350 3331 461 3389 oracula,
471 3337 499 3380 ιιι
509 3344 565 3380 cuin
578 3331 717 3389 mendaces,
733 3337 779 3380 aut
792 3330 893 3382 iallaces

72 3391 166 3442 inventi
177 3392 279 3453 luerint,
287 3391 372 3464 aliquo
380 3393 483 3443 radonis
490 3392 631 3442 velamento
642 3406 713 3441 suam
721 3401 838 3455 querant
846 3400 894 3443 tue

71 3454 893 3518 rilaliaciam.Sicuuquelatlerenondesistunt,doiiecauditores

70 3530 132 3567 suos
144 3517 336 3582 praecipitantia
351 3517 459 3568 ruinam.
470 3516 515 3568 Cui
529 3517 597 3567 enim
607 3533 623 3569 a
632 3518 726 3567 seculo
736 3526 822 3567 vatum
831 3531 893 3589 pro·

69 3578 141 3629 luere
156 3581 299 3643 responsat
313 3579 439 3640 crosone,
454 3594 485 3629 an
502 3578 611 3643 Pyrrho,
627 3589 672 3629 aut
688 3579 892 3643 praecedentium,

69 3649 115 3690 aut
131 3640 339 3706 subsequentium
351 3641 489 3707 cuiquam?
502 3642 556 3692 llus
565 3642 708 3700 Thebanus,
721 3642 782 3691 duni
797 3642 827 3691 de
841 3655 894 3692 ors·

69 3703 129 3753 culo
142 3717 155 3753 s
189 3704 378 3765 ratrictoriam,
389 3704 472 3754 lratris
486 3718 604 3755 mucrone
614 3705 760 3768 perfoditur.
770 3705 800 3755 Et
809 3712 893 3754 tamen

69 3779 135 3815 arus
190 3766 230 3816 'us
246 3781 378 3818 successus
395 3766 457 3818 belli
470 3767 541 3819 risus
557 3775 594 3817 est
609 3765 731 3830 polliceri.
746 3765 811 3826 Quid
825 3766 893 3818 enim

70 3828 143 3881 eliud
159 3828 321 3893 signiticaret,
335 3829 405 3894 quod
420 3837 478 3893 post
489 3830 582 3881 multas
594 3829 713 3893 ambages
727 3828 828 3880 intulit:

295 4000 372 4051 Certa
385 4004 425 4052 est
439 4000 548 4053 victorio
564 4000 672 4051 Thebis?

72 4116 194 4169 &terum
224 4131 268 4178 ne,
292 4117 442 4183 interempto
468 4119 541 4179 duce,
564 4117 689 4168 mendacii
715 4123 843 4181 arguatur,
867 4124 896 4168 ut

74 4178 198 4230 talisciam
214 4179 334 4258 ambigua
347 4181 460 4233 veritatis
474 4191 536 4234 nota
551 4181 694 4239 obduceret,
704 4194 757 4245 quo
771 4180 894 4230 malitiam

74 4248 180 4306 meatur,
195 4242 318 4308 subjecit:

242 4413 290 4464 liei
304 4413 383 4465 niihil
395 4425 444 4476 per
456 4412 556 4476 gladios
570 4410 632 4462 eicit
643 4415 728 4473 poter.

73 4527 204 4580 merosus
225 4528 338 4579 maxima
350 4540 437 4590 regna,
451 4527 474 4577 si
488 4522 563 4577 lislin
580 4526 785 4588 transgrediatur,
798 4523 829 4574 de
843 4537 897 4596 ora·

71 4591 188 4641 culorum
201 4588 254 4640 dds
271 4589 320 4640 sihi
337 4590 476 4655 subjectum
493 4589 525 4638 iri
547 4587 658 4639 conlidit.
679 4587 728 4637 Sed
742 4601 799 4636 cum
813 4601 854 4636 res
868 4600 895 4637 iu

71 4653 225 4703 monadum
240 4653 353 4712 cessent,
366 4654 443 4703 lellu
459 4652 558 4714 Apollo,
576 4665 602 4700 se
618 4650 693 4700 unius
706 4649 804 4701 verbuli
816 4649 894 4713 eequi-

70 4715 203 4767 rocatioue
225 4716 335 4767 absoluit
348 4714 380 4765 ah
401 4713 499 4765 inuidia
514 4712 659 4763 mentiendi.
676 4712 743 4772 Quid
762 4712 896 4777 Pyrrhus?

69 4777 190 4829 Romanis
200 4777 282 4838 victis,
296 4791 361 4850 quos
373 4791 440 4841 sape
449 4777 475 4826 iii
486 4775 640 4827 acieiirtute
655 4775 763 4834 fuderat,
774 4773 895 4825 beneflcio

69 4838 158 4891 Phoehi
171 4837 222 4890 sibi
235 4842 359 4904 promittit
372 4840 407 4890 im
441 4841 516 4899 rium,
529 4838 574 4889 sed
587 4838 784 4909 irreparabiliter
792 4844 896 4910 stratus,

69 4902 491 5018 limutttstssdlstdt’
508 4900 553 5016 tt}
569 4900 786 5016 afficiamus
799 4899 897 4950 ⁰¹³⁰¹¹¹¹

412 5002 419 5026 s
476 5000 494 5025 ·i
560 5000 567 5023 s
630 5000 636 5012 ·

167 5857 291 5918 rimi.
306 5854 426 5918 dcxix.
445 5855 565 5917 lauicos
578 5857 612 5916 li.

737 158 841 219 INDEX
859 160 902 222 tis
920 156 1109 223 dtdludtts.

1722 165 1777 228 362

984 285 1010 336 S.
1025 280 1200 340 lldllTllll'S,
1215 279 1361 342 Legionens.
1379 279 1493 344 presbyt.
1513 308 1546 322 -
1559 282 1621 336 iluic
1637 290 1776 353 questioni

952 349 987 400 De
1001 348 1073 398 lalsis
1087 345 1217 394 miraculis
1231 350 1365 405 antequam
1382 342 1457 391 tinem
1472 346 1644 409 imponamus,
1662 353 1774 404 testimo-

951 411 1023 460 nium
1032 409 1151 472 preclare
1161 407 1294 476 digestum,
1305 411 1333 452 ιιι
1343 404 1399 453 iinis
1411 415 1514 458 coronet
1525 423 1599 480 opus,
1610 411 1772 477 adducemus,

953 486 1003 536 quo
1019 473 1082 522 bene
1096 470 1229 524 intellecto,
1246 475 1273 515 ut
1284 480 1337 528 iam
1352 469 1531 538 aiinotavimns
1545 485 1570 520 in
1584 474 1702 536 operibus
1719 478 1774 540 pri.

953 548 1050 584 morum
1066 532 1179 590 Petrum,
1189 530 1250 579 mire
1261 528 1369 578 elucebit
1381 530 1450 592 quod
1463 531 1496 580 ad
1508 532 1635 585 daemones
1645 538 1775 592 relerends

953 603 1011 646 sunt
1031 592 1152 656 perplura
1175 590 1297 641 miracula
1323 605 1485 662 paganorum,
1508 595 1691 659 hereticorum,
1708 601 1775 652 schi-

953 657 1116 708 smaticorum
1134 656 1225 714 etiam;
1244 666 1289 701 nec
1314 660 1372 701 tunc
1384 668 1415 702 iis
1432 654 1505 704 iidem
1526 657 1697 710 adhibendam
1711 677 1766 714 esse

952 719 1077 830 quidssuid
1092 717 1173 787 velint
1196 713 1311 784 probare.
1328 713 1397 787 Unde
1419 716 1445 764 S.
1467 716 1589 769 llartinus
1614 702 1777 786 Legionensii

953 782 1004 831 ait:
1038 780 1080 830 oni
1093 779 1174 841 angeli
1185 792 1231 841 per
1243 782 1348 848 gratiam
1360 786 1461 847 iiasunt
1471 781 1612 832 confirmati
1634 793 1662 835 ut
1675 800 1777 849 peccare

954 858 1002 893 non
1020 842 1134 907 possint;
1156 848 1181 889 et
1194 842 1255 887 mali
1271 848 1307 887 ita
1322 847 1383 908 sitio
1408 840 1545 903 obscurati,
1562 854 1590 895 ut
1646 862 1677 898 ne
1693 849 1777 903 rivers

954 912 1089 969 nequeant.
1104 903 1173 953 Licet
1183 901 1243 951 mali
1257 903 1338 971 augeli
1348 914 1392 962 per
1406 904 1527 954 malitiam
1537 907 1573 955 ita
1586 908 1638 960 sint
1648 911 1777 973 obstinati,

953 967 1037 1018 vivaci
1049 974 1131 1015 tanim
1143 979 1217 1014 sensu
1231 971 1330 1026 penitus
1344 977 1394 1012 iion
1410 974 1469 1014 sunt
1483 969 1582 1030 privati.
1592 969 1665 1032 Nam,
1681 981 1709 1023 ut
1724 981 1774 1024 trs·

952 1030 990 1079 dit
1006 1029 1031 1078 S.
1043 1029 1164 1085 lsidorus,
1177 1026 1269 1088 triplici
1280 1025 1396 1075 acumine
1416 1028 1526 1077 scientiae
1537 1031 1618 1093 vigent
1637 1034 1775 1097 daemones,

952 1091 1048 1141 scilicet
1063 1088 1203 1141 subtilitate
1217 1095 1322 1146 naturae,
1340 1088 1432 1149 partim
1454 1091 1606 1153 experientia
1626 1103 1774 1160 temporum,

951 1154 1044 1216 partim
1059 1151 1211 1202 revelatione
1219 1163 1384 1212 supernorum
1400 1150 1542 1221 spirituum,
1555 1169 1661 1217 qnorum
1671 1160 1777 1213 scientis

951 1217 1026 1265 eiiam
1041 1214 1145 1277 mamere
1158 1221 1225 1262 artes
1239 1220 1392 1271 exercentur,
1404 1214 1499 1275 quibus
1514 1221 1596 1266 tamen
1613 1226 1661 1269 tarn
1670 1223 1776 1272 scientis

951 1292 1028 1342 quani
1045 1284 1157 1340 potestas
1171 1289 1188 1324 a
1201 1274 1250 1323 lieo
1267 1274 1326 1322 data
1342 1281 1389 1333 est,
1406 1274 1447 1324 iel
1464 1278 1494 1326 ad
1509 1277 1648 1331 iallendum
1662 1284 1775 1345 fallaces,
1796 1292 1799 1297 '

950 1342 989 1390 vel
1012 1338 1199 1389 admonendum
1228 1336 1323 1395 fideles,
1347 1336 1387 1385 vel
1416 1338 1448 1385 ad
1475 1343 1639 1392 exercendam
1661 1345 1773 1408 proban·

951 1402 1059 1474 demque
1072 1402 1198 1465 justorum
1211 1398 1367 1468 patientiam.
1383 1397 1453 1448 Unde
1467 1400 1495 1449 B.
1506 1403 1670 1465 Augustinus,
1688 1407 1778 1468 Video,

950 1464 1042 1535 inquit,
1058 1463 1162 1512 infirmis
1177 1461 1329 1531 cogitationi,
1341 1461 1402 1522 qnid
1414 1463 1495 1532 possit
1509 1479 1649 1527 occurrere,
1663 1483 1707 1519 cur
1721 1469 1773 1520 sci·

950 1527 1013 1590 licet,
1034 1532 1085 1575 ista
1106 1525 1228 1574 miracula
1250 1524 1353 1585 magicis
1376 1523 1475 1573 artibus
1498 1525 1648 1579 liupuldum
1668 1533 1776 1597 etmagi

951 1590 1090 1639 Pharaonis
1109 1594 1235 1650 serpentes
1252 1586 1373 1656 ¹iecerunt,
1397 1586 1470 1636 etiam
1496 1595 1522 1637 et
1548 1590 1599 1638 alia
1621 1591 1709 1655 plura.
1726 1593 1776 1646 Sed

950 1651 1013 1701 illud
1023 1660 1061 1700 est
1073 1650 1182 1713 amplius
1191 1649 1365 1698 admirandum
1394 1649 1502 1697 uomodo
1514 1664 1640 1715 magorum
1652 1657 1774 1718 potentia,

949 1728 1006 1776 quae
1023 1718 1152 1776 serpentes
1162 1711 1242 1760 iacere
1259 1710 1350 1772 potuit,
1367 1724 1383 1758 u
1401 1709 1411 1759 i
1427 1712 1459 1760 ad
1470 1726 1569 1762 muscas
1581 1715 1775 1783 minutissimas,

949 1776 975 1824 id
1001 1783 1049 1834 est,
1071 1774 1207 1838 sciniphes,
1223 1781 1323 1822 vetitum
1341 1782 1387 1830 est,
1412 1773 1515 1822 oinniiiu
1531 1775 1628 1828 deiecit.
1650 1778 1700 1829 Cur
1714 1794 1775 1844 ergo

949 1839 1016 1900 magi
1033 1842 1222 1900 neupotucrunt
1231 1834 1455 1907 lacere'sciniphes,
1465 1836 1581 1899 nisiquia
1592 1840 1674 1903 major
1687 1842 1775 1894 aderat

949 1899 1088 1949 dominatio
1101 1897 1257 1963 prohibentis
1273 1897 1316 1945 lici
1329 1909 1373 1958 per
1388 1895 1509 1968 Spiritum
1523 1908 1646 1950 sanctum.
1683 1905 1734 1954 uod
1749 1913 1776 1956 et

950 1963 1015 2024 magi
1029 1960 1208 2011 confessisunt
1222 1959 1332 2007 dicentes
1350 1970 1356 2005 z
1374 1958 1476 2019 Diuites
1490 1961 1536 2010 Dei
1551 1972 1590 2012 est
1604 1965 1656 2024 liic,
1692 1966 1715 2015 el
1724 1966 1774 2017 sci·

950 2025 1007 2074 licet
1023 2023 1156 2073 maiiiiesta
1168 2022 1247 2070 virtus
1264 2032 1382 2083 operatur
1396 2021 1450 2070 hac
1463 2023 1593 2073 miracula.

980 2085 1038 2136 llice
1052 2086 1146 2136 sanitas
1163 2084 1315 2146 magicarum
1330 2083 1430 2154 artium,
1447 2093 1473 2133 ιιι
1489 2085 1523 2134 ιιι
1539 2085 1576 2134 Β.
1594 2087 1723 2148 isidorus,
1741 2105 1774 2143 ex

949 2148 1085 2198 traditione
1097 2146 1242 2210 angelorum
1257 2145 1382 2195 malorum
1399 2159 1424 2194 iii
1440 2153 1491 2196 toto
1509 2155 1631 2200 terraium
1645 2152 1705 2202 orbe
1718 2155 1774 2216 plu·

949 2211 1019 2260 rimis
1035 2210 1134 2260 seculis
1147 2209 1226 2261 valuit
1240 2222 1283 2272 per
1296 2208 1433 2270 quamdam
1448 2210 1576 2260 scientiam
1590 2212 1732 2264 lutiirorum
1748 2223 1774 2266 et

947 2272 1106 2334 internorum,
1136 2279 1160 2322 et
1182 2271 1338 2322 evocationes
1363 2284 1460 2320 eorum.
1485 2271 1591 2323 Iuventa
1615 2283 1674 2325 sunt
1697 2277 1773 2330 etiam

947 2335 1080 2399 aruspicia,
1096 2335 1281 2396 augurationes,
1302 2340 1326 2381 et
1341 2333 1399 2396 ipsa
1414 2347 1471 2395 quau
1495 2334 1612 2386 dicuntur
1632 2340 1735 2389 oracula
1748 2349 1774 2392 et

948 2396 1187 2447 necromantia.Nec
1203 2397 1293 2445 mirum
1312 2395 1343 2444 de
1366 2409 1494 2458 diagerum
1510 2400 1642 2462 praestigiis
1663 2415 1773 2466 quorum

947 2461 972 2509 iu
990 2469 1087 2509 tantuin
1101 2460 1217 2522 prodiere
1229 2456 1410 2507 maleficiorum
1425 2467 1499 2519 artes,
1511 2467 1540 2510 ut
1554 2463 1629 2511 etiam
1644 2462 1724 2528 lloysi
1736 2464 1772 2515 si·

948 2522 1062 2571 milliinis
1077 2522 1222 2571 resisterent
1237 2520 1258 2569 si
1275 2520 1322 2576 uis,
1340 2527 1463 2569 vertentes
1478 2521 1561 2583 virgas
1575 2524 1600 2572 iii
1614 2525 1735 2576 dracones
1747 2534 1774 2579 et

948 2597 1030 2646 aquas
1041 2584 1066 2632 in
1076 2584 1232 2694 sauguinem.
1272 2596 1288 2631 a
1304 2596 1375 2631 oruui
1391 2583 1487 2644 primus
1502 2583 1655 2646 Zoroastres,
1666 2602 1709 2637 rer
1725 2589 1773 2639 Βι-

947 2647 1100 2755 ctrianorum
1126 2645 1172 2704 uit,
1188 2659 1262 2755 auem
1298 2646 1365 2704 iiius,
1377 2657 1418 2692 rex
1429 2647 1601 2708 Assyriorum,
1612 2649 1734 2699 interiecit
1744 2651 1772 2702 in

966 2721 1050 2768 rae103
1090 2721 1103 2756 e
1136 2721 1169 2756 uo

947 2721 1029 2819 initio
1045 2722 1163 2818 versuiim
1176 2771 1210 2818 ah
1233 2768 1289 2830 ipso
1304 2768 1408 2817 condita
1423 2767 1525 2818 iudiciis
1543 2770 1702 2822 voluminum
1716 2775 1772 2837 ejm

946 2831 1114 2881 declarentur.
1131 2831 1199 2880 lianc
1225 2838 1303 2879 artem
1328 2830 1404 2879 multe
1420 2837 1477 2891 post
1500 2833 1593 2881 saecula
1617 2832 1772 2886 Democritus

948 2893 1087 2957 ampliavit,
1115 2893 1217 2956 quando
1244 2899 1268 2940 et
1291 2891 1453 2954 itimociaios
1477 2893 1606 2943 medicina
1637 2895 1773 2960 disciplina

948 2955 1066 3005 eldoruit.
1081 2955 1168 3004 Fertur
1181 2961 1205 3003 et
1221 2954 1337 3018 quaedam
1353 2967 1426 3016 maga
1446 2953 1615 3006 famosissima
1630 2957 1699 3008 Circe
1713 2972 1771 3023 quei

949 3018 1030 3068 socios
1045 3016 1142 3081 Ulyssis
1157 3016 1264 3065 mutavit
1280 3016 1305 3065 in
1321 3016 1416 3067 bestius
1433 3015 1488 3078 (l'ir
1504 3017 1532 3066 il.
1543 3017 1603 3081 Eglo
1621 3056 1627 3068 .
1647 3034 1703 3080 viii,
1720 3024 1769 3085 70).

948 3079 1049 3143 Legitur
1063 3080 1128 3129 etde
1145 3078 1267 3129 sacrificio
1277 3079 1344 3141 quod
1360 3079 1469 3128 Arcades
1497 3093 1526 3128 eu
1544 3094 1590 3131 suo
1602 3034 1669 3132 iiciu
1679 3085 1770 3134 immo-

947 3140 1034 3192 labunt
1050 3155 1080 3191 eit
1103 3155 1153 3204 ouo
1188 3142 1313 3204 uicunque
1332 3149 1468 3199 sumerent,
1482 3141 1509 3191 in
1525 3142 1664 3193 bestiarum
1679 3146 1771 3196 lormas

947 3203 1161 3254 convertebantur.
1201 3205 1240 3254 inc
1263 3210 1368 3267 apparet
1387 3216 1438 3252 nou
1462 3218 1518 3253 esse
1540 3204 1565 3254 iu
1590 3214 1641 3256 toto
1663 3206 1771 3260 dubium

945 3266 1014 3329 quod
1028 3265 1120 3317 nobilis
1138 3267 1180 3315 ille
1203 3275 1279 3329 poeta
1299 3265 1387 3314 scribit
1409 3266 1440 3315 de
1462 3266 1570 3330 quadam
1594 3268 1696 3331 lemine,
1714 3285 1771 3335 quie

946 3328 1050 3392 magicis
1060 3328 1158 3379 artibus
1167 3328 1316 3388 excellebat;
1326 3329 1362 3377 ait
1370 3327 1435 3378 enini
1445 3340 1452 3377 :

1008 3418 1073 3467 Ecce
1086 3430 1114 3467 se
1126 3416 1282 3467 carminibus
1294 3416 1424 3478 promittit
1437 3418 1536 3468 solome
1549 3424 1645 3470 ruentes

1010 3481 1078 3540 Quos
1092 3481 1171 3537 uelit,·
1185 3484 1225 3528 est
1240 3479 1302 3529 otiis
1315 3480 1393 3529 durus
1408 3478 1546 3530 immittere
1560 3495 1644 3540 ceres,

1009 3542 1105 3591 sistere
1118 3554 1211 3604 equom
1224 3542 1317 3601 deuiis.
1332 3546 1358 3592 et
1373 3546 1472 3593 irestere
1485 3543 1570 3593 swero
1585 3549 1655 3596 retro
1660 3556 1670 3604 ,·

1008 3603 1197 3666 docturumque
1211 3605 1260 3654 ciet
1277 3604 1372 3654 Mortes.
1389 3605 1489 3666 dooere
1503 3605 1599 3656 uidebis

1008 3665 1059 3715 snt
1072 3666 1179 3727 pedihus
1193 3671 1290 3716 terrens
1303 3672 1330 3716 et
1343 3668 1493 3716 descendere
1506 3669 1633 3719 montibus
1646 3681 1730 3720 mnes.

1350 3728 1434 3788 Vino.¹
1447 3730 1558 3789 AEnetd.,
1574 3745 1607 3792 iv,
1620 3735 1676 3781 tsi.

979 3808 1044 3869 Quid
1061 3808 1156 3872 plural
1172 3808 1193 3858 si
1215 3808 1315 3858 credere
1329 3807 1368 3857 ias
1392 3816 1440 3867 est,
1461 3810 1649 3872 Pythonissam,
1664 3813 1773 3876 prophe·

949 3877 979 3919 ta
994 3869 1117 3920 Samuelis
1127 3870 1236 3920 ιιιιιιιιιιι
1252 3871 1282 3920 de
1291 3869 1383 3918 inlerui
1393 3869 1486 3919 abditis
1497 3885 1608 3932 evocare,
1620 3876 1772 3925 etsiverum

948 3941 1101 3996 prasentare
1110 3933 1294 3995 conspectibus,
1306 3931 1328 3980 si
1338 3939 1420 3980 tamen
1431 3932 1539 3981 animam
1550 3935 1680 3998 prophetae
1694 3936 1772 3987 luisse

948 3994 1090 4054 credamus,
1101 4004 1125 4044 et
1139 4008 1189 4044 non
1202 3994 1311 4058 aliquam
1328 3993 1552 4056 phantasmaticam
1567 3996 1721 4056 illusionem,
1732 3996 1773 4047 Sa

949 4065 1015 4108 ιιιιιι
1032 4057 1134 4106 ιιιιιιιι
1150 4058 1250 4107 homin.

980 4119 1133 4170 Prudentius
1146 4132 1246 4183 quoque
1262 4117 1293 4167 de
1308 4115 1432 4168 Mercurio
1448 4117 1484 4168 ait
1499 4129 1505 4166 ι

982 4207 1103 4258 Proditus
1116 4207 1175 4258 binc
1188 4208 1329 4259 exstinctos
1339 4211 1467 4271 assumpto
1481 4207 1650 4259 moderamine
1663 4208 1741 4272 dreis

978 4271 1009 4321 ln
1022 4272 1103 4321 iucem
1117 4283 1246 4321 revocasse
1259 4270 1357 4320 unimus
1359 4307 1407 4322 .....

979 4333 1025 4384 det
1040 4333 1106 4384 ulios
1120 4333 1253 4384 domnosse
1266 4332 1330 4384 neci.

947 4413 979 4465 lit
991 4422 1049 4478 post
1064 4414 1195 4477 paululum
1209 4415 1319 4479 adjecit:

981 4503 1111 4554 Murmure
1124 4517 1183 4554 nom
1198 4508 1286 4555 tenues
1299 4504 1396 4567 magico
1409 4504 1527 4554 accitare
1540 4504 1647 4565 figures,

981 4566 1064 4629 Atque
1078 4567 1233 4627 sepeimales
1247 4567 1313 4617 scite
1327 4567 1461 4617 incentore
1475 4566 1590 4628 surditas,

985 4628 1043 4678 Vite
1058 4629 1146 4678 itidem
1161 4630 1274 4690 spoliare
1287 4629 1361 4688 otios,
1377 4640 1421 4679 ere
1434 4628 1513 4679 nesio
1528 4628 1608 4679 nomi.

980 4709 1008 4759 ln
1022 4708 1140 4760 omnibus
1153 4724 1211 4773 ergo
1226 4724 1301 4822 supra
1314 4710 1387 4760 dictis
1402 4712 1438 4769 (et
1450 4722 1496 4759 nos
1510 4707 1577 4779 idem
1589 4706 1715 4781 dicimus),
1730 4720 1771 4757 ars

949 4772 1092 4822 damonum
1105 4780 1143 4822 est
1157 4786 1188 4822 ex
1202 4786 1251 4836 qua
1270 4785 1311 4821 am
1333 4773 1452 4836 pestilera
1466 4778 1584 4821 societate
1599 4770 1730 4819 hominum
1747 4774 1773 4820 et

949 4834 1072 4885 malorum
1087 4834 1228 4899 angelorum
1251 4840 1346 4885 exona.
1359 4833 1429 4885 Unde
1445 4843 1537 4883 cuncta
1557 4832 1659 4882 vitanda
1674 4836 1735 4880 sunt
1755 4844 1772 4879 a

950 4897 1113 4958 Christianis,
1127 4898 1227 4947 etomni
1241 4898 1342 4958 penitus
1350 4896 1518 4948 exsecratione
1528 4893 1682 4959 repudianda
1694 4900 1772 4957 atque

949 4959 1101 5020 damnanda,
1116 4959 1223 5018 ccviii,
1237 4963 1293 5019 566,
1307 4964 1362 5012 567.

1213 2706 1337 2756 ristoteles
1363 2705 1462 2767 scripsit
1485 2720 1558 2778 quem
1576 2712 1651 2760 vicies
1673 2721 1772 2764 centuni
