3758 6044
65 132 119 194 tta

64 257 192 310 Christum
206 260 303 309 intacta
317 261 459 321 virginitate
478 263 628 326 conceperit,
644 277 724 327 neque
741 264 821 314 ullum
847 280 891 316 seu

63 330 133 379 ante,
147 335 192 371 seu
206 330 372 385 postpartum
390 338 448 373 eum
460 324 569 388 Josopho
583 326 700 375 maritate
714 328 891 378 commercium

65 383 192 455 babuerit,
207 385 327 433 tamenin
343 386 398 456 ipso
415 395 486 448 partu
503 388 623 449 pariendo
640 388 719 438 luisse
736 398 890 453 corruptam,

64 452 88 493 et
103 461 157 509 epus
172 456 319 510 corruptam
333 449 511 510 vrrginitatcm.

336 549 457 604 Haereses
478 550 577 603 secali
591 567 617 606 ι.

96 632 243 683 eameram.
257 660 286 669 -
306 633 371 684 Dicti
392 649 409 684 a
425 635 533 699 Pelagio,
551 637 654 687 natione
678 637 809 696 Britanno,
827 652 888 700 pro·

63 697 175 746 sessione
197 696 331 745 monacho.
357 697 479 758 Capitates
503 699 573 748 illius
592 714 687 749 errores
703 710 762 749 sunt
779 715 888 765 sequen·

64 767 119 807 tes:
138 763 162 807 1.
177 757 295 817 Docebat,
311 759 460 821 primaevum
478 761 552 823 primi
569 762 679 812 bominis
693 769 787 813 emtum
810 763 888 813 luisse

63 829 158 870 statum
174 830 278 879 naturae,
294 835 343 870 non
359 821 507 872 beneficium
529 825 623 885 gratim,
649 830 674 873 et
687 822 747 873 hdae
774 831 888 886 posteros

62 898 131 932 nunc
146 883 222 941 nasci,
239 882 322 946 qualis
334 884 414 933 Adam
431 886 545 935 conditus
560 887 615 947 luit,
630 887 676 937 hoc
690 894 737 947 est,
747 887 772 934 io
794 887 887 948 uiebat,

64 945 122 995 sinc
135 946 228 994 virtute
243 953 268 994 ιι
288 944 358 1005 vitio,
378 946 431 995 sine
455 948 534 1010 gratia
558 955 582 998 ιιι
598 956 709 1011 peccate.
728 952 752 998 a.
776 901 888 1011 degebat

62 1007 96 1056 ab
114 1007 174 1056 hdae
187 1008 294 1070 posteris
310 1023 340 1056 ιι
357 1008 413 1071 ipso
427 1010 541 1058 contrahi
564 1023 694 1073 peccatum
711 1011 840 1072 originale,
856 1026 887 1062 ac

62 1070 170 1132 proinde
180 1071 306 1119 aldamum
316 1070 401 1120 aiebat
416 1072 541 1133 peccando
557 1072 607 1123 sibi
627 1073 680 1123 noli
697 1075 820 1133 nocuisse,
836 1088 887 1125 non

61 1133 217 1194 posteris'a.
233 1132 413 1188 Contendebat,
429 1134 555 1183 bominem
570 1149 615 1197 per
629 1135 696 1185 solas
712 1135 795 1184 liberti
819 1137 887 1185 arbi·

63 1194 107 1243 trii
117 1194 184 1243 vires
200 1208 275 1255 posse
291 1195 375 1244 omnia
390 1195 477 1245 divina
487 1197 603 1246 mandata
619 1212 726 1253 servare,
738 1200 886 1248 tentationes

49 1271 150 1315 ¹omnes
177 1255 287 1314 vincere,
318 1257 402 1306 omnia
427 1257 502 1322 plane
535 1268 634 1322 peccata
658 1260 743 1318 vitare,
774 1261 886 1324 adeoque

62 1321 170 1367 salutem
188 1319 251 1367 solis
268 1318 356 1367 iisdem
386 1320 440 1369 suis
465 1320 563 1371 viribus
589 1322 693 1384 adipisci
710 1339 716 1381 ;
733 1332 887 1386 qrraproptcr·

61 1380 178 1452 negabat,
194 1381 225 1429 ad
243 1382 347 1431 istorum
360 1384 491 1445 quippiam
508 1385 676 1433 necessariam
692 1399 747 1433 esse
764 1386 807 1433 bei
829 1400 885 1448 gra·

63 1452 123 1491 tram
150 1454 195 1492 erc.

95 1481 264 1554 emersum-r.
277 1531 303 1541 -
316 1506 346 1554 lli
361 1520 452 1554 nomen
466 1506 608 1558 habuerunt
624 1524 639 1557 a
654 1509 778 1565 leestio,
789 1508 885 1573 Pelagii

61 1567 198 1631 discipulo,
216 1567 261 1631 qui
276 1568 377 1618 eosdem
391 1583 421 1617 ac
435 1567 550 1633 Pelagius
562 1585 658 1620 errores
670 1571 853 1630 disseminavit,

95 1629 303 1679 Sauromatarum.
321 1657 351 1666 -
369 1629 558 1682 ltecedeiranta
579 1631 721 1695 Pelagianis
745 1632 884 1697 Semipcla·

61 1690 143 1755 glani:
165 1697 185 1749 1,
203 1691 271 1756 quod
285 1691 457 1756 primigeniam
476 1693 579 1757 originis
599 1708 690 1744 noram
713 1697 882 1759 admitterent,

61 1755 88 1801 in
103 1754 164 1804 ride
178 1763 292 1815 posteros
308 1756 433 1816 derirari3
449 1758 475 1806 ι.
494 1757 561 1819 qnod
577 1758 735 1808 adstruerent
751 1759 885 1809 necessita·

62 1823 112 1864 tem
137 1816 263 1878 gratiaci
285 1816 406 1879 baptismi
430 1819 462 1868 ad
488 1819 556 1869 illios
576 1820 744 1881 deletionem3
762 1824 785 1871 3.
815 1822 883 1886 quod

61 1885 229 1940 agnoscerent
240 1879 333 1941 pariter
350 1888 448 1930 naturae
465 1890 556 1931 nostrae
582 1882 763 1941 infirmitatem,
779 1896 810 1932 ex
838 1898 881 1934 ea·

61 1940 121 1990 dero
139 1940 273 2002 originaria
285 1942 361 2004 culpa
377 1943 551 2004 prolluentem.
567 1948 592 1993 i.
609 1945 760 1995 fatebantur
771 1960 882 2009 quoque,

62 2003 152 2051 saltem
172 2017 256 2051 eorum
284 2004 407 2066 plerique,
431 2006 516 2068 gra'tiae
531 2007 605 2055 etiam
625 2007 751 2057 interioris
775 2010 884 2058 necessi·

61 2073 148 2124 tatem,
166 2066 198 2113 ad
216 2080 280 2127 opus
297 2065 391 2115 bonum
416 2069 501 2117 saitem
522 2069 703 2132 perficiendum
721 2077 745 2117 ιι
769 2085 883 2120 consum-

61 2127 197 2185 mandum;
214 2142 242 2175 ac
255 2128 361 2190 proinde
378 2143 429 2178 nen
444 2145 518 2193 posse
534 2131 661 2181 bominem
676 2131 736 2184 solis
753 2133 806 2182 suis
822 2133 883 2182 viri·

61 2188 111 2240 bus
128 2189 284 2239 naturalibus
301 2191 334 2239 ad
353 2191 460 2240 salutem
503 2193 624 2243 ervenirc.
639 2193 797 2244 Accedebant
822 2209 881 2246 vero

61 2250 96 2301 ad
113 2248 270 2314 Pelagianos,
293 2260 317 2301 et
340 2253 457 2304 errabant
480 2207 684 2328 gemlpelagiani,
712 2256 832 2320 primario
853 2271 883 2307 ac

62 2315 191 2378 precipuo
208 2312 233 2362 io
249 2328 277 2365 eo
294 2315 362 2377 quod
373 2313 486 2368 dicerent
499 2319 600 2370 inrtrum
616 2318 684 2377 ssdei,
699 2319 814 2383 adeoque
832 2320 882 2369 ‘us-

61 2374 127 2425 sltiae
142 2382 166 2425 et
183 2376 280 2437 salutis,
295 2391 350 2426 esse
365 2379 475 2440 anobis,
491 2394 535 2430 seu
551 2394 566 2429 a
580 2381 641 2431 solis
663 2388 760 2431 naturae
784 2335 882 2433 virilens

61 2438 111 2487 sibi
139 2438 244 2498 relictis;
275 2438 423 2503 nullamque
448 2442 481 2493 ad
503 2443 629 2507 ejusmodi
653 2443 753 2492 initium
778 2444 882 2506 gratiam

61 2498 206 2551 interiorem
223 2502 416 2564 praevenientem
434 2518 489 2554 esse
508 2504 681 2555 necessariam.
710 2505 750 2555 Sic
773 2520 881 2556 errorem

61 2576 138 2612 suum
149 2562 318 2613 ordinabant:
335 2565 358 2615 t.
373 2565 478 2616 hiabant
490 2578 496 2615 :
510 2566 534 2616 ls
548 2567 588 2617 cui
600 2567 762 2631 praedicatum
772 2569 881 2617 exterius

60 2622 108 2677 luit
122 2624 291 2698 Evangeiium,
304 2627 365 2676 solis
382 2636 478 2678 naturae
494 2628 588 2678 viribus
613 2629 722 2693 concipit
744 2629 817 2678 iidem
834 2630 882 2679 aii-

61 2700 140 2752 quam
152 2686 284 2747 initraiem,
302 2703 344 2738 seu
361 2690 431 2752 pium
445 2691 599 2741 credulitatis
616 2691 734 2742 allectum
749 2705 806 2754 erga
823 2691 881 2742 Sal·

60 2757 183 2810 satorem,
197 2750 265 2801 volnt
281 2760 406 2814 potentem
421 2767 451 2802 ac
470 2755 593 2803 volentem
620 2755 703 2817 ipsum
737 2754 843 2804 liberare
867 2770 883 2803 a

61 2813 158 2862 miseris
168 2827 213 2875 per
226 2821 352 2884 peccatum
371 2823 503 2864 contracta.
520 2821 544 2866 ι.
563 2814 713 2865 Succedebat
730 2814 882 2866 desiderium

61 2874 180 2924 sanitatis
194 2875 334 2937 sprritualis
349 2884 393 2926 aut
405 2877 506 2937 salutis,
522 2892 553 2926 ex
569 2878 615 2928 illa
632 2877 679 2927 hde
694 2877 785 2926 initiali
810 2878 880 2927 exci-

60 2944 150 2995 tatum,
163 2936 275 3000 illudqne
286 2952 351 2988 mere
362 2939 487 2989 naturale.
502 2944 525 2990 3.
544 2939 699 3005 Sequebatur
709 2939 777 2989 iners
789 2938 882 3003 aliquis

62 2996 188 3061 surgendi,
214 3014 301 3049 scuer
319 3001 364 3050 illa
385 3001 487 3052 miseria
512 3001 653 3066 emergendi
681 3009 794 3060 conatus,
821 3002 882 3053 solis

61 3062 150 3111 iisdem
173 3060 268 3110 viribus
283 3070 446 3127 naturamque
456 3078 513 3114 cum
526 3065 557 3115 ad
573 3063 724 3128 surgendum
738 3063 820 3128 reipsa
833 3078 885 3115 nou

61 3124 218 3173 sufficerant.
235 3128 258 3173 1.
277 3125 399 3175 Voluntas
413 3127 445 3176 ad
460 3127 538 3178 licum
553 3127 704 3187 recurrebat,
719 3127 884 3190 quarendoet

61 3187 186 3249 pulsando
200 3201 244 3250 per
264 3187 399 3238 orationem
418 3196 442 3239 et
465 3189 666 3254 implorationem
685 3188 775 3239 auxilii
799 3190 832 3239 ad
852 3186 879 3240 id

60 3248 204 3306 necessarii,
219 3250 313 3311 pariter
336 3264 402 3300 mere
427 3255 575 3302 naturalem.
601 3255 627 3302 5.
654 3249 779 3312 Dicebant,
800 3250 880 3302 Deum

61 3311 186 3384 ejusmodi
203 3311 299 3362 actibus
316 3327 383 3363 mere
406 3314 573 3372 naturalibus,
594 3320 670 3378 atque
692 3315 787 3425 absque
816 3314 880 3364 inte·

61 3374 122 3423 rrori
145 3375 222 3437 gratia
238 3373 337 3435 elicitis,
354 3375 448 3427 moveri
462 3378 494 3427 ad
513 3378 698 3428 ccmlerendam
721 3374 764 3426 tal
782 3375 880 3427 homini

60 3436 206 3486 interiorem
224 3439 338 3499 gratiam,
365 3453 416 3504 qua
439 3449 524 3503 posset
541 3440 572 3489 ad
598 3440 673 3489 iidem
698 3439 832 3501 perlectam
856 3445 881 3489 et

60 3499 194 3546 sanitatem
219 3499 382 3563 spiritualem,
401 3515 445 3551 seu
468 3501 677 3564 justificationem
702 3501 840 3565 pervenire,
857 3508 882 3553 ιι

58 3559 191 3610 accedente
207 3561 331 3608 talismodi
344 3562 422 3623 gratia
432 3562 538 3613 ulterius
549 3564 611 3613 bene
628 3570 651 3613 et
663 3561 805 3614 salutariter
822 3578 881 3626 ope·

59 3630 137 3678 rarat,
157 3621 276 3691 arandara
292 3622 338 3670 liei
352 3624 496 3684 observare,
512 3638 542 3676 ac
559 3624 661 3676 tandem
675 3626 780 3676 salutem
801 3626 882 3691 ipsam

59 3692 183 3733 aeternam
201 3683 317 3744 adrprsci.

93 3745 337 3804 Pnaursrrsaarasr,
360 3773 390 3782 —
414 3744 466 3797 Hoc
488 3747 527 3799 vel
552 3746 624 3798 alssul
640 3748 880 3859 praedestinatorum

58 3807 162 3858 nornine
179 3806 284 3855 veniunt
298 3806 335 3855 illi
355 3808 400 3872 qui
423 3824 454 3858 ιι
475 3808 577 3872 optimis
597 3807 623 3859 S.
663 3810 775 3871 agustini
798 3811 880 3872 libris,

79 3867 199 3919 rresertim
217 3869 247 3918 dc
266 3868 353 3919 Gratia
369 3879 393 3920 et
415 3870 646 3930 Praedestinatieue,
673 3871 782 3936 pessime
805 3871 880 3923 intel·

58 3886 132 3982 lectis
145 3931 296 3981 docuerunt:
319 3938 342 3981 1.
363 3949 393 3983 er
409 3934 552 3985 hominibus
574 3934 637 3985 alios
656 3932 816 3986 antecedente
837 3934 881 3985 ber

58 3995 187 4043 voluntate
204 3993 320 4043 absoluta
332 4004 356 4044 et
372 3997 413 4045 elii
430 4011 473 4045 ace
488 3997 625 4047 destinatos
636 4011 690 4047 esse
711 3997 743 4048 ad
758 3997 880 4061 gloriam;

58 4057 126 4107 alios
140 4057 172 4104 ad
189 4071 287 4118 paenam
304 4066 395 4107 retorna
431 4064 477 4116 32.
495 4074 576 4124 neque
589 4074 631 4109 eos
643 4059 747 4124 proinde
764 4061 883 4124 quisunt

58 4120 93 4168 ad
113 4118 188 4167 vitam
203 4120 379 4182 praedestinati,
392 4120 530 4171 ullomodo
552 4136 627 4185 pesse
648 4121 781 4181 damnari,
800 4136 881 4186 neque

57 4182 118 4231 iilos
146 4181 190 4244 qui
213 4189 271 4230 sunt
295 4181 328 4230 ad
346 4183 484 4254 gehennam
510 4184 682 4248 praeordinati,
709 4183 761 4234 ulla
785 4185 881 4234 ratione

59 4256 136 4308 posse
154 4243 255 4292 saivari.
273 4243 335 4293 llinc
349 4245 490 4295 referebant
503 4249 527 4295 3.
553 4260 598 4309 per
621 4246 664 4297 liei
680 4247 882 4310 praedestinantis

57 4305 213 4354 voluntatem
228 4305 334 4355 liberum
352 4307 461 4358 hominis
482 4308 614 4358 arbitrium
638 4309 738 4372 penitus
760 4305 879 4372 extingui,

59 4376 104 4417 aut
125 4377 188 4418 certe
216 4368 280 4417 nihil
308 4369 401 4432 valore,
423 4371 511 4421 seaad
536 4370 699 4421 obtinendam
722 4371 838 4431 salutem,
860 4370 881 4420 sl

59 4428 227 4480 destinatusa
252 4430 303 4480 lieo
326 4430 359 4481 sit
384 4433 417 4482 ad
437 4433 636 4495 damnationem
663 4447 745 4497 neque
766 4434 882 4484 adhaec

57 4492 246 4551 incurrendam,
262 4493 282 4541 si
309 4493 341 4543 ad
369 4495 437 4544 illam
467 4495 515 4545 luit
543 4495 736 4559 praeordinatus.
764 4495 834 4546 Unde
857 4500 880 4546 1.

59 4554 164 4618 insuper
181 4552 296 4617 intulere,
313 4571 394 4622 neque
414 4557 480 4607 bona
503 4573 578 4622 opera
595 4558 733 4631 quidquam
763 4559 883 4621 prodesse

59 4617 183 4679 reprobis,
201 4631 280 4681 neque
303 4621 372 4669 nrala
394 4621 483 4670 obesse
504 4622 707 4684 praedestinatas·
730 4631 883 4684 neutrosque

58 4680 168 4741 proinde
183 4695 237 4790 elesa
254 4680 343 4730 debere
359 4683 493 4745 sollicites,
511 4697 555 4734 sen
571 4692 598 4734 ιιι
611 4680 688 4749 agant
699 4661 773 4744 liene,
790 4698 835 4734 scu
852 4697 883 4733 nc

58 4757 73 4788 a
92 4749 222 4791 animae.

75 4755 255 4854 guasconum.
270 4833 299 4841 -
327 4804 455 4858 Nestorius
480 4823 510 4858 err
526 4805 597 4872 Syria
612 4804 745 4870 oriundus,
773 4809 883 4875 primum

59 4865 200 4916 Antiochia
226 4869 366 4917 monachus
383 4870 441 4919 inde
464 4872 607 4932 patriarcba
626 4871 883 4936 Constantinopolita-

60 4943 119 4985 nus.
134 4926 289 5000 liestorianis
307 4945 397 4980 nomen
415 4940 438 4981 ct
453 4946 547 4981 errores
561 4934 639 4984 dedit.
653 4934 757 4985 Errabat
774 4939 796 4984 1.
816 4933 883 4999 quod

60 4992 123 5041 duas
146 5006 173 5041 ιιι
191 4992 288 5042 Christo
300 5007 421 5103 Bersoeas
440 5000 571 5054 statueret,
586 4995 708 5059 ittnmqee
722 4995 799 5047 veluti
814 4994 881 5047 divi·

60 5053 172 5105 deretin
193 5054 285 5106 Filium
322 5056 344 5104 ei
361 5063 385 5105 ιι
404 5056 495 5106 Filium
518 5056 647 5117 hominis;
673 5059 747 5108 illum
775 5073 826 5109 non
854 5071 884 5109 ex

59 5115 147 5175 Maria,
163 5117 206 5166 sed
224 5131 253 5167 ιιι
272 5118 322 5167 1)ιο
338 5125 395 5167 ante
412 5120 505 5168 seacula
520 5120 646 5183 genitum,
662 5121 728 5170 hunc
744 5133 774 5169 ex
796 5119 883 5177 blaria,

60 5178 192 5229 insaecula
209 5190 303 5229 natum.
320 5179 383 5230 ilinc
396 5184 422 5230 ι.
441 5179 543 5231 Marium
560 5182 662 5231 notabat
678 5181 727 5232 dici
749 5183 883 5244 Θεοτὸιιοι,

60 5255 106 5291 seu
129 5240 284 5306 Dcipsarenr,
303 5245 347 5292 scd
362 5244 539 5310 Χριστότοκοι,
555 5258 599 5293 ιιι
629 5243 821 5308 Cirristiparam.
854 5246 870 5316 ξ

61 5303 134 5365 Quod
152 5319 308 5371 consequens
326 5314 387 5365 orat,
412 5306 520 5368 negabat
546 5306 638 5356 Filium
669 5305 713 5358 ner
740 5322 785 5370 pro
808 5304 885 5356 uobrs

61 5380 165 5429 passum
184 5383 246 5429 esse,
265 5376 309 5420 aut
324 5378 465 5427 mortunm;
489 5371 575 5432 sicque
590 5369 770 5434 redemptionis
791 5376 884 5419 nostra

62 5430 213 5492 mysterium
231 5432 378 5481 evacuabat.

94 5490 263 5542 Eurrcrrrssr.
280 5521 309 5530 -
324 5494 363 5543 hb
389 5493 500 5558 Entyclre
518 5508 561 5544 ιιι]
579 5493 716 5568 Entpchete
740 5493 886 5545 denomina-

63 5554 159 5603 tionem
177 5569 304 5618 aecepere,
318 5556 439 5619 Capitalis
456 5559 508 5621 ejus
526 5571 594 5607 error
604 5556 659 5616 iurt,
669 5557 737 5622 quod
754 5572 811 5607 curu
825 5555 885 5605 lies·

64 5617 160 5666 terium
177 5616 260 5666 acrius
276 5619 429 5684 prestringit,
445 5621 508 5670 duas
523 5620 550 5670 in
575 5618 673 5670 Christo
697 5635 813 5684 personas
837 5627 887 5668 sta·

65 5686 187 5742 tuentem,
202 5679 255 5743 ipse
271 5694 320 5733 non
336 5696 413 5734 unam
430 5682 550 5735 solumiu
567 5698 597 5733 eo
614 5683 734 5739 adstruat.
749 5682 792 5733 scd
813 5680 888 5732 etiam

690 136 795 200 lNllllll
814 138 994 202 HAEllllSliON
1009 138 1149 200 otrtitdtt.

1713 140 1768 205 750

945 279 1022 315 unam
1039 272 1097 329 post
1113 263 1231 313 unionem
1246 269 1374 317 naturam:
1394 261 1544 312 contendens
1563 261 1690 314 Christum
1713 280 1768 316 esse

945 328 1047 392 quidem
1064 341 1095 375 ex
1108 325 1213 382 duabus,
1229 324 1273 374 scd
1289 339 1337 373 non
1352 324 1378 372 in
1395 324 1492 373 duabus
1510 325 1621 384 nataris;
1640 341 1684 376 seu
1704 328 1768 377 duas

944 390 1045 453 quidem
1062 396 1119 437 ante
1145 388 1264 437 unionem
1286 387 1364 435 inisse
1387 394 1496 446 naturas,
1525 389 1566 436 sed
1586 388 1684 437 unicam
1708 397 1768 451 post

905 453 907 458 '
945 453 1075 507 unionem:
1092 452 1126 499 ita
1141 459 1168 499 ut
1182 449 1207 498 in
1222 450 1278 512 ipso
1295 448 1472 498 irrearnntiorris
1488 449 1591 498 articulo
1612 465 1640 499 er
1661 459 1767 514 utraque

943 523 1045 576 natura,
1060 513 1145 563 diviua
1162 521 1186 560 et
1201 513 1321 565 humana,
1339 525 1389 559 nna
1406 511 1548 560 substantia
1563 514 1683 561 coaluerit
1696 531 1702 570 ;
1713 515 1766 562 sire

941 577 994 640 jam
1006 575 1112 627 senserit
1125 575 1250 637 Eutyches
1265 574 1290 621 id
1306 574 1397 621 iactum
1411 588 1464 622 esse
1479 587 1521 634 per
1536 576 1708 623 eorriosionem
1723 583 1767 625 aut

944 636 1100 697 mixtionem,
1119 637 1183 685 sicut
1197 651 1225 685 ex
1241 643 1348 696 quatuor
1370 635 1499 683 elementis
1518 636 1544 683 iit
1561 644 1651 685 natura
1672 638 1764 698 mixti;

943 702 997 751 sive
1013 714 1056 763 par
1072 699 1256 748 conversionem
1272 697 1347 746 unius
1364 705 1453 746 natura
1467 698 1493 745 in
1511 696 1597 757 aliam,
1616 699 1681 747 sicut
1697 699 1767 762 aqua

942 763 968 813 in
985 762 1054 812 Cana
1068 761 1178 812 Galilaea
1192 772 1313 810 conversa
1329 766 1367 808 est
1381 761 1406 807 in
1423 760 1528 815 vinum;
1546 761 1599 807 sico
1611 774 1654 820 per
1667 774 1766 823 compo-

943 825 1069 881 sitionem,
1083 823 1121 873 uti
1132 836 1161 871 err
1179 835 1281 885 corpore
1295 830 1318 870 et
1330 822 1414 869 anima
1429 822 1516 871 titana
1530 832 1622 870 natura
1637 823 1763 883 humana;

942 902 986 936 sou
1012 885 1166 936 contenderit
1189 895 1306 933 naturam
1336 885 1471 933 humanam
1495 898 1512 934 a
1535 884 1665 934 divinitate
1685 885 1764 934 inisse

941 950 1052 1014 poenitus
1064 948 1216 1012 absorptam.

1154 1050 1275 1105 llcercscs
1287 1046 1383 1104 saccali
1399 1062 1440 1117 vr,
1455 1051 1483 1103 ιι
1500 1062 1549 1103 ιιι.

971 1135 1173 1190 Μοιοτιιιιιιιι.
1188 1162 1217 1172 -
1231 1134 1328 1188 Nomen
1345 1149 1462 1198 accepere
1478 1149 1494 1183 a
1510 1135 1601 1206 duplici
1617 1134 1700 1186 Crmco
1717 1152 1761 1187 vo·

940 1202 1048 1262 cabulo;
1067 1201 1165 1259 dicares,
1175 1198 1200 1247 id
1219 1206 1265 1260 est,
1279 1212 1354 1255 unus,
1370 1206 1394 1246 et
1411 1199 1529 1255 tlrclcma,
1542 1197 1568 1246 td
1583 1205 1621 1247 est
1634 1199 1762 1261 voluntas,

957 1264 1014 1313 uasi
1036 1264 1112 1312 unius
1136 1260 1273 1311 voluntatis
1311 1262 1475 1322 professores,
1502 1260 1563 1322 quia
1590 1260 1707 1310 nimirum
1736 1264 1763 1311 in

939 1277 1038 1375 Christo
1049 1325 1151 1374 nonnisi
1165 1338 1242 1372 unam
1262 1323 1431 1381 agnoscebant
1445 1322 1597 1370 voluntatem
1622 1330 1645 1370 et
1671 1338 1761 1385 opera-

939 1390 1051 1440 tionem:
1068 1385 1238 1450 opinabantur
1250 1385 1317 1433 enim
1335 1385 1403 1446 quod
1420 1385 1530 1432 hnmana
1547 1391 1637 1433 natum
1650 1385 1676 1432 in
1692 1386 1764 1435 Chri·

939 1458 977 1499 sto
991 1463 1118 1513 nunquam
1136 1455 1276 1497 moveretur
1290 1446 1390 1508 proprio
1406 1455 1485 1504 rnatu,
1503 1445 1547 1494 sed
1567 1447 1648 1494 solum
1673 1460 1763 1498 secun·

939 1513 1000 1562 dum
1013 1511 1080 1576 qaod
1096 1518 1164 1561 mota
1178 1518 1230 1559 erat
1244 1524 1259 1558 a
1274 1509 1348 1559 Verbi
1360 1508 1499 1556 divinitate.

1133 1612 1257 1666 iloercscs
1279 1609 1376 1664 secati
1400 1622 1449 1661 ιιι]
1472 1612 1499 1662 ιι
1523 1622 1564 1662 ιιι.

969 1696 1152 1750 lcosocrasrar.
1171 1722 1199 1732 -
1217 1695 1274 1744 Atro
1289 1693 1360 1743 athei
1386 1693 1489 1744 nomine
1506 1693 1565 1742 dicti
1592 1693 1761 1755 iconomachi,

938 1776 982 1813 seu
1004 1760 1048 1811 SS.
1080 1759 1217 1823 imaginum
1246 1764 1442 1820 contemptores,
1471 1757 1667 1820 impugnatores,
1694 1773 1763 1808 ever·

937 1838 1019 1874 sores.

968 1887 1112 1937 Gnaconuu
1137 1897 1256 1934 ιιιιιιιιι.
1277 1908 1308 1919 -
1335 1882 1413 1945 Cuius
1439 1888 1525 1930 auctor
1547 1883 1685 1944 praesertim
1714 1884 1762 1933 lurt

936 1949 1048 2000 Photius.
1065 1944 1129 2006 Quin
1150 1959 1181 1995 ue
1197 1955 1254 1995 sunt
1268 1944 1389 2008 praecipui
1404 1940 1513 2001 articuli,
1530 1942 1667 2014 inquibus
1681 1944 1760 1996 Gracci

936 2009 1091 2060 dissidebant
1107 2025 1122 2057 a
1158 2007 1243 2066 arinis,
1262 2006 1371 2056 scilicet:
1397 2009 1422 2065 l,
1440 2006 1508 2061 quod
1529 2004 1639 2068 Sprritus
1658 2015 1762 2057 sanctus

936 2089 985 2123 non
1000 2071 1118 2135 procedat
1133 2086 1149 2119 a
1167 2070 1238 2119 Patre
1253 2077 1277 2117 et
1296 2068 1375 2127 Filio;
1392 2071 1419 2115 ι.
1439 2066 1511 2127 Quod
1527 2065 1687 2117 Euelraristia
1708 2082 1761 2118 non

936 2135 961 2184 in
979 2148 1045 2198 pune
1059 2149 1087 2183 aa
1108 2148 1157 2189 mo,
1176 2132 1219 2180 sed
1238 2132 1264 2180 iu
1279 2131 1332 2179 solo
1347 2131 1494 2178 fermentato
1510 2130 1598 2178 confici
1614 2132 1709 2190 possit;
1730 2136 1758 2182 3.

953 2197 1004 2246 nod
1019 2209 1069 2246 nou
1087 2149 1159 2244 detur
1173 2193 1347 2254 Purgatorium
1361 2207 1366 2248 ;
1382 2197 1404 2241 t.
1421 2191 1490 2261 quod
1503 2205 1552 2261 ,nec
1567 2191 1644 2255 justis
1666 2200 1761 2264 aeterna

936 2212 1008 2308 detur
1022 2257 1137 2318 felicitas,
1156 2271 1200 2305 nec
1216 2255 1301 2319 impiis
1316 2262 1436 2303 aeternum
1455 2254 1583 2315 rndrgatnr
1607 2256 1760 2317 supplicium

1283 2315 1349 2428 q1¹3¹⁰d
1373 2315 1503 2365 Romanus
1525 2315 1639 2378 pontiler
1659 2319 1761 2369 nonsit

935 2328 992 2370 ante
1014 2318 1101 2384 judicii
1132 2319 1214 2376 diam;
1232 2322 1256 2367 5.
1400 2378 1404 2388 Ι

1340 2379 1407 2427 Petrr
1421 2391 1557 2428 successor.

937 2383 1013 2433 totius
1027 2381 1144 2433 Ecclesiae
1159 2387 1241 2443 caput,
1254 2386 1279 2429 et

1165 2482 1286 2534 llrcrcsce
1298 2478 1395 2535 secali
1410 2493 1429 2532 ιι
1445 2481 1473 2534 ιι
1488 2494 1528 2532 ιι.

966 2568 994 2619 ln
1027 2568 1116 2618 saculo
1133 2578 1158 2625 rr,
1184 2567 1228 2615 vix
1254 2566 1308 2615 ulla
1325 2579 1391 2627 nqva
1408 2573 1492 2614 exorta
1517 2572 1556 2614 cst
1579 2565 1688 2626 haeresis,
1716 2570 1759 2618 sed

937 2638 1005 2681 secta
1031 2629 1223 2680 Manichaeorum
1254 2627 1278 2676 in
1310 2627 1469 2678 Occidentem
1494 2628 1636 2688 recruduit;
1667 2631 1760 2680 saeculo

938 2707 995 2742 vero
1010 2706 1046 2751 ιιι,
1061 2691 1193 2742 assurexit.

967 2755 1191 2804 arcamarcaa-
1205 2752 1327 2802 Famosus
1339 2752 1380 2801 iile
1396 2752 1647 2802 sacramentariorum
1658 2768 1758 2816 parens,

935 2818 975 2867 ιιΙ
992 2816 1176 2879 antesignanus.
1193 2823 1317 2864 eteorum
1343 2815 1465 2863 haereseos
1491 2814 1672 2864 disseminator
1694 2831 1760 2877 prm·

936 2879 1033 2940 cipuus,
1050 2883 1073 2928 1.
1088 2877 1241 2939 baptismum
1250 2878 1417 2986 parvulorum
1432 2875 1566 2925 evertebat.
1585 2880 1611 2927 2.
1638 2877 1760 2940 Legitima

935 2940 1052 3003 coniugia
1081 2938 1225 3002 abrogabat,
1262 2937 1409 3000 inpudenter
1431 2951 1547 2986 asserens
1581 2939 1674 2988 licitam
1702 2954 1760 2991 csse

936 3017 994 3053 cum
1011 3001 1127 3052 omnibus
1144 3001 1331 3051 scortationem.
1352 3002 1375 3049 3.
1394 2999 1465 3059 Quod
1490 2999 1603 3050 Christus
1623 3001 1709 3064 ianuis
1726 3002 1765 3053 ad'

937 3064 1073 3126 discipulos
1095 3077 1146 3113 non
1166 3063 1307 3121 intraverit,
1331 3060 1501 3113 asseverabat.
1528 3068 1552 3112 ι.
1578 3063 1759 3114 Eucharistiam

936 3143 988 3178 non
1008 3139 1063 3176 esse
1087 3141 1146 3177 vere
1169 3132 1192 3175 ot
1219 3123 1419 3174 substantialiter
1445 3136 1534 3187 corpus
1557 3132 1581 3173 et
1610 3128 1759 3189 sanguinem

934 3187 1041 3248 liomirri,
1060 3188 1103 3239 scd
1118 3187 1200 3239 solam
1221 3186 1292 3236 iltius
1307 3186 1423 3236 umbram
1441 3195 1465 3235 ιι
1487 3187 1594 3248 figuram
1621 3188 1756 3238 astruebat.

933 3253 968 3302 Ac
985 3261 1127 3314 propterea,
1142 3253 1157 3299 5
1171 3263 1258 3313 panem
1274 3257 1298 3299 ot
1308 3248 1395 3298 vinum
1408 3263 1452 3311 por
1465 3246 1542 3299 verba
1556 3250 1756 3301 consecrationis

934 3328 984 3364 nou
999 3311 1108 3363 converri
1121 3310 1325 3363 substantialiter
1343 3312 1370 3361 in
1395 3325 1484 3362 verum
1504 3324 1595 3375 corpus
1612 3321 1637 3362 et
1655 3312 1758 3376 sangui·

934 3391 991 3428 nem
1008 3374 1113 3428 Christi.

1129 3472 1252 3530 lirareecs
1265 3473 1362 3529 saccali
1384 3486 1426 3527 ιιι
1445 3476 1473 3529 ιι
1497 3488 1560 3530 xrrr.

965 3562 1198 3614 Parae-Baussrasr
1212 3589 1243 3600 -
1258 3560 1371 3612 ilaretici
1393 3559 1430 3611 iili
1454 3575 1468 3611 a
1492 3561 1564 3611 Petro
1587 3559 1688 3622 Brusso,
1714 3574 1760 3613 scu

934 3624 965 3676 de
987 3624 1070 3683 lituis,
1087 3639 1177 3676 nomen
1194 3639 1252 3675 acce
1272 3631 1353 3674 erunt.
1371 3622 1454 3679 Foedis
1471 3623 1666 3673 llaniciraeorum
1685 3638 1756 3673 erro·

934 3688 1004 3738 ribus
1018 3688 1064 3738 bos
1079 3686 1223 3737 addebant:
1267 3688 1323 3736 issae
1337 3686 1490 3735 sacrificium
1506 3686 1568 3736 nihil
1585 3700 1657 3747 csse;
1677 3686 1759 3747 bapti·

935 3763 1018 3800 smum
1029 3748 1074 3799 abs
1095 3763 1125 3798 ue
1141 3749 1188 3798 ilde
1204 3749 1318 3812 parvulis
1335 3748 1370 3797 nil
1390 3750 1504 3797 conterre
1520 3763 1527 3809 ;
1546 3763 1626 3812 neque
1644 3748 1758 3798 fidelium

935 3825 1020 3876 preces
1034 3764 1171 3883 quidquam
1188 3810 1304 3873 prodesse
1321 3808 1459 3872 defunctis,
1471 3811 1564 3874 quibus
1579 3811 1628 3862 mvi
1645 3810 1758 3861 moda-mi

934 3871 1098 3923 novaterrbus
1109 3871 1290 3936 praeludebant.

965 3937 1180 3985 deutereses·
1203 3933 1294 3983 Eabem
1320 3940 1394 3989 secta,
1423 3933 1540 3982 stabilem
1569 3934 1653 3983 sedem
1683 3941 1758 3984 nacta

935 3996 1015 4047 rllbiae
1032 3995 1132 4046 civitate
1147 3996 1241 4046 Tolosae
1256 3993 1347 4054 vicina,
1367 3994 1423 4042 inde
1446 3997 1547 4044 nomen'
1563 3996 1623 4044 iacit
1641 3995 1757 4057 hibigeu·

935 4059 1008 4108 sibus
1032 4058 1160 4117 haereticis,
1187 4058 1231 4121 qui
1248 4057 1337 4119 exiguo
1365 4058 1484 4118 temporis
1506 4057 1587 4118 spatio
1613 4058 1756 4107 universam

934 4119 1120 4184 pcneGalliam
1135 4127 1308 4183 corruperunt.
1327 4117 1518 4169 lliidccebant:
1535 4122 1561 4166 1.
1590 4131 1647 4166 cum
1673 4117 1756 4168 ilani·

934 4183 1011 4233 chais
1025 4179 1076 4232 duo
1090 4196 1146 4232 csse
1159 4195 1241 4231 rerum
1258 4178 1399 4243 principia:
1415 4182 1439 4228 2.
1449 4194 1505 4231 cum
1515 4179 1658 4230 Sadducaeis
1674 4180 1757 4232 carnis

934 4245 1061 4317 negabant
1076 4243 1295 4303 resurrectionem;
1310 4247 1334 4293 3.
1351 4241 1474 4314 ipleroum
1495 4242 1571 4314 simul
1592 4255 1649 4291 cum
1664 4256 1756 4305 purga·

935 4313 999 4359 torro
1012 4306 1178 4370 explodebant
1187 4318 1194 4368 ;
1203 4309 1230 4356 t.
1248 4304 1372 4368 Baptismr
1385 4311 1410 4354 et
1424 4302 1587 4355 Eucharistiae
1602 4312 1757 4356 sacramenta

934 4385 974 4421 res
994 4369 1095 4419 nebant.

966 4384 1137 4482 dracas-ses.
1157 4429 1243 4480 -llis
1261 4444 1349 4480 nomen
1364 4428 1433 4479 dedit
1449 4431 1535 4482 Petrus
1550 4428 1666 4488 liuidus,
1688 4442 1754 4480 mer·

935 4503 1005 4545 calor
1022 4492 1208 4557 Lugdunensis,
1231 4493 1271 4543 vir
1295 4491 1435 4542 litterarum
1455 4504 1554 4564 erpere:
1576 4494 1631 4543 Alio
1655 4491 1756 4542 nominc

935 4555 996 4607 dicti
1011 4563 1069 4606 sunt
1081 4556 1155 4605 ctiam
1171 4555 1303 4616 Poaperes
1316 4554 1347 4605 de
1363 4552 1494 4616 Lapdrcao.
1513 4553 1556 4605 [ιιι
1578 4562 1636 4604 sunt
1652 4554 1755 4605 illorum

953 4618 1056 4682 raecipoi
1085 4631 1193 4667 errores:
1213 4623 1235 4668 1.
1262 4617 1394 4667 Ecclesiam
1424 4615 1563 4666 Romanam
1595 4617 1714 4666 deiecisse
1740 4631 1755 4666 a

935 4633 985 4730 lom
1005 4695 1048 4730 ore
1075 4678 1195 4744 sylvestri
1220 4679 1239 4729 1.
1268 4693 1317 4742 quo
1347 4679 1516 4742 possessiones
1544 4677 1636 4728 babere
1665 4678 1751 4740 coepit.

936 4743 1007 4794 Une
1035 4741 1174 4794 irrierebant
1205 4741 1301 4791 nullum
1324 4740 1350 4790 in
1387 4754 1426 4799 ea,
1455 4743 1599 4804 quatumvis
1637 4741 1753 4802 probum,

936 4802 1027 4855 salvari
1044 4817 1135 4869 posse,
1151 4803 1304 4866 spernendas
1327 4817 1378 4853 aesc
1396 4804 1451 4874 ejus
1471 4802 1649 4863 indulgentias,
1675 4799 1753 4850 bena-

935 4865 1057 4919 dictrooes
1081 4869 1286 4926 consecrationes,
1310 4877 1488 4923 caeremonras;
1505 4877 1556 4914 non
1574 4877 1627 4914 esse
1642 4864 1754 4928 pendan·

936 4928 983 4980 das
1008 4929 1124 4981 Eccesiae
1145 4928 1266 4988 decimas;
1293 4942 1371 4992 neque
1395 4926 1426 4977 ab
1457 4927 1510 4976 ullo
1534 4925 1755 4996 obtemperandum

937 5006 1036 5042 summo
1048 4992 1169 5057 pontiflci,
1184 4991 1306 5057 episcopis
1327 4990 1417 5039 aliisve
1440 4989 1555 5040 Ecclesiae
1580 4989 1710 5052 praelatrs;
1727 4991 1752 5037 2.

936 5053 1066 5104 ministros
1090 5055 1206 5105 Ecclesiae
1231 5052 1333 5111 Christi,
1348 5053 1450 5116 propria
1475 5052 1630 5114 possidentes
1653 5063 1754 5112 peccare

937 5131 1025 5167 omnes
1040 5126 1127 5167 contra
1141 5124 1288 5180 praeceptum
1313 5113 1428 5165 bomini:
1449 5113 1538 5164 Nolite
1558 5113 1688 5175 possidere
1708 5125 1754 5161 aar·

939 5192 1005 5229 rara.
1021 5181 1045 5230 3.
1063 5177 1230 5229 ministerium
1248 5176 1412 5228 Eucharistiae
1430 5177 1588 5240 aliorumque
1610 5187 1753 5224 sacramen·

940 5246 1033 5300 torum,
1044 5257 1095 5292 noa
1112 5241 1142 5289 ad
1158 5241 1227 5290 solos
1241 5239 1384 5290 sacerdotes
1396 5240 1528 5301 pertinere.
1553 5237 1596 5286 sed
1620 5237 1654 5287 ad
1670 5248 1756 5310 omnes

937 5310 962 5352 ιι
979 5303 1081 5365 quosvis
1106 5303 1181 5353 etiarn
1206 5301 1297 5359 laicos;
1321 5306 1344 5351 t.
1374 5315 1472 5350 omnem
1495 5307 1652 5364 potestatam,
1679 5307 1755 5349 atram

937 5364 1035 5424 laicam,
1054 5367 1108 5415 solo
1122 5372 1221 5428 peccato
1236 5362 1335 5415 mortali
1354 5362 1464 5427 deperdi,
1474 5376 1504 5410 ac
1520 5363 1625 5426 proinde
1642 5364 1755 5411 sacerdo·

939 5434 988 5477 tem
1007 5427 1031 5475 in
1052 5436 1152 5493 peccato
1176 5425 1275 5477 mortali
1297 5426 1442 5474 existentem
1463 5438 1508 5473 nec
1531 5437 1684 5484 consecrare,
1711 5436 1757 5473 nec

938 5488 1082 5552 absolvere;
1098 5491 1215 5540 laicume
1229 5497 1314 5538 contra
1327 5488 1422 5550 justum
1445 5487 1493 5536 ista
1509 5485 1555 5535 rite
1574 5486 1654 5536 iarere
1665 5505 1671 5544 ;
1683 5496 1758 5550 quem

939 5566 1046 5603 errorem
1067 5551 1179 5603 moderni
1204 5549 1350 5602 Janseniani
1372 5548 1576 5612 adamaredas.
1602 5549 1715 5609 liemum,
1733 5552 1761 5598 ιιι

939 5615 1010 5678 plura
1034 5616 1158 5673 omittam,
1183 5611 1281 5665 nullam
1305 5612 1452 5671 orationem,
1476 5620 1567 5677 praetor
1588 5610 1762 5668 berninicam,

939 5692 995 5728 osso
1008 5677 1154 5730 iaciendum.
