3750 6038
523 114 652 181 murcia
670 112 887 179 rimorffln
903 112 1088 178 manaim.
1108 142 1142 160 -
1160 110 1265 177 rnnsr
1295 104 1415 174 cxvni.
1734 72 1768 127 ·'
1828 92 1838 149 t

1832 275 1873 324 Pe

1835 353 1847 386 c

842 438 1093 544 cxvttt.
1838 464 1873 511 ὼ

1839 535 1865 573 ie

1840 602 1875 636 aei

680 646 835 727 lNDEx
868 642 1224 729 nnchnvotttnn,
1842 652 1872 699 n

208 791 833 882 nEClSlottllll,coltstlvllv10NUll,
862 791 1164 863 rsncnrnosnii
1195 788 1417 870 monaulon,
1437 786 1747 856 larissensem

477 938 738 1005 EVANGELICAE
765 939 972 1006 DOCTRINAE
1016 931 1310 1014 invenenatus,
1325 931 1426 1017 ΕΜ,

362 1118 433 1173 nun
450 1117 489 1165 as
509 1116 758 1174 isrnmronisus,
779 1116 918 1176 memus,
938 1114 1017 1172 nnc,
1038 1115 1070 1162 nv
1084 1112 1190 1160 nonnis
1208 1110 1396 1160 unirusnicn
1414 1109 1564 1171 nimina,
1804 1180 1807 1187 Ι

622 1240 680 1287 rso
700 1239 777 1286 inca
797 1239 888 1288 ininii
901 1237 1098 1287 cnsisriarios
1115 1235 1309 1292 vmunsurir,
1805 1226 1812 1365 ι

115 1382 266 1449 uenite
299 1381 1066 1457 160101611111113111106161051165,
1091 1378 1363 1447 nvnnnvivttlt
1392 1375 1624 1444 EXPONENS
1655 1374 1814 1447 Eblana-i

117 1538 122 1544 '
737 1526 883 1602 JUSQUE
915 1524 1177 1591 PROPOSITUII.
1214 1531 1218 1540 '
1813 1514 1817 1523 “

874 1842 1067 1909 nuntient.

117 2034 120 2039 .
155 1982 225 2054 Qus
257 1982 355 2040 dantur
385 1981 495 2040 decreta
516 1981 719 2055 imperatorum,
739 1989 805 2048 etc„
827 1981 898 2037 circa
918 1979 1077 2052 religionem
1100 1976 1247 2035 noandum
1275 1977 1338 2034 illos
1365 1993 1421 2034 non
1447 1979 1618 2051 prevenire
1645 1979 1811 2039 mahta

121 2056 262 2112 catholicae
289 2054 433 2125 judicium,
448 2054 495 2110 sed
510 2054 599 2126 sequi,
624 2060 654 2110 ut
669 2054 706 2109 ait
729 2052 869 2109 Possidius
892 2052 926 2108 de
948 2052 1064 2108 llonorio
1087 2050 1260 2120 imperatore,
1280 2050 1308 2105 in
1329 2049 1388 2107 Vita
1413 2049 1442 2107 S.
1471 2051 1649 2125 huguenini,
1680 2070 1741 2125 cap.
1764 2068 1830 2121 nm,

121 2132 153 2182 nt
165 2141 221 2180 non
244 2132 345 2181 temere
359 2126 490 2196 quispiam
507 2126 622 2180 senserit
642 2128 724 2180 etiarn
745 2132 809 2180 tunc
831 2123 971 2190 impletum
991 2121 1148 2182 vaticinium
1168 2119 1250 2178 isaie
1265 2120 1299 2182 de
1313 2121 1413 2178 Christi
1437 2121 1596 2181 Ecclesia:
1614 2143 1630 2178 s
1658 2125 1748 2182 Erunt
1765 2141 1812 2198 rapt

122 2195 228 2252 nstritli
241 2196 291 2262 tui,
308 2205 335 2251 et
350 2195 451 2269 reginae
465 2198 584 2251 niitiices
597 2204 659 2250 tuae.
676 2214 689 2246 n
706 2195 772 2265 (lan.
788 2209 862 2264 xiix,
874 2195 930 2263 23.)

160 2266 236 2322 Unde
265 2267 420 2338 prinsquam
449 2267 533 2321 Index
560 2265 611 2320 iste
640 2276 746 2336 matur,
775 2265 971 2321 occurrendum
998 2272 1040 2320 est
1061 2263 1198 2334 religiosae
1231 2263 1260 2319 in
1288 2262 1405 2334 speciem
1433 2264 1629 2336 quorumdam
1654 2265 1834 2341 indignatita',

121 2338 197 2397 velut
220 2338 395 2405 imperatores
420 2336 449 2391 in
475 2352 506 2393 ea
535 2343 609 2406 parte
623 2338 813 2391 modumsuae
829 2338 969 2407 potestatis
984 2350 1038 2399 non
1060 2334 1212 2406 tenuerint3
1233 2334 1282 2391 sed
1308 2334 1337 2391 id
1365 2349 1434 2408 pena
1467 2334 1675 2395 affectaverint
1700 2341 1729 2395 in
1749 2339 1835 2395 Eech¹

122 2405 165 2466 aia
188 2408 263 2482 qnod
291 2409 356 2464 olim
384 2407 453 2464 inter
479 2405 612 2490 gentiles,
640 2421 701 2463 cuni
722 2407 837 2462 ethnicae
864 2405 1008 2477 impietatis
1029 2406 1216 2478 pontificatum
1243 2412 1382 2480 generent.
1407 2404 1479 2473 Quid
1505 2407 1588 2463 enim
1613 2414 1673 2478 est,
1695 2410 1724 2467 iii
1763 2398 1838 2485 ἰζ

105 2495 255 2552 usurpare
269 2495 330 2552 quae
348 2479 493 2534 sacerdotii
517 2485 589 2548 sunt,
606 2477 685 2532 etiam
710 2477 738 2533 iii
766 2493 848 2534 causa
876 2477 950 2543 fidei,
965 2475 1018 2532 nisi
1041 2479 1093 2535 hoc
1120 2486 1346 2548 estrproponere
1373 2492 1435 2551 quae
1463 2477 1543 2535 credi
1568 2486 1713 2553 oporteat,
1807 2484 1810 2489 ’
1834 2492 1839 2519 ¹

122 2566 173 2609 eoa
197 2552 358 2617 declarare,
382 2553 428 2619 qui
455 2566 534 2608 secus
564 2549 718 2614 senserint;
744 2547 880 2621 episcopis
911 2548 1045 2619 Imperare
1072 2547 1297 2615 subscriptionem
1323 2547 1381 2604 sive
1404 2547 1598 2622 dogmatibus,
1629 2550 1696 2609 aive
1724 2570 1818 2626 perenn

121 2621 265 2689 mustis,
297 2620 468 2678 Interminata
491 2620 677 2690 depositionis,
705 2621 760 2677 iino
783 2627 810 2676 et
833 2620 1121 2676 excommunicationis
1147 2635 1229 2692 poenn
1252 2619 1280 2674 ni
1304 2627 1433 2691 percauta
1477 2621 1633 2679 omatibus
1666 2625 1819 2695 presente

160 2708 183 2749 oe
200 2693 243 2752 sui
257 2692 312 2820 sim
326 2691 470 2748 niunerisl
493 2704 546 2749 etc.
565 2692 596 2747 ld
624 2707 690 2749 vero
716 2690 892 2764 imperatores
911 2693 1039 2748 videntur
1054 2690 1224 2762 prestitisse,
1241 2691 1413 2763 quantumin
1427 2638 1552 2766 reflqioai
1565 2694 1770 2766 predicentur,
1780 2712 1818 2755 cm

186 2772 229 2822 ela
242 2781 267 2820 m
280 2773 425 2822 tierent...

159 2834 245 2895 verns
261 2836 312 2892 iiiii
339 2836 397 2893 hec
424 2834 534 2908 querela
561 2842 588 2891 ct
615 2848 682 2906 pene
710 2842 769 2891 orta
794 2847 856 2890 cnm
875 2831 928 2891 lide
942 2834 1148 2904 imperatorum.
1164 2831 1233 2889 lluio
1255 2831 1353 2890 factum
1381 2831 1444 2892 oliui
1458 2833 1527 2892 actis
1547 2848 1565 2890 a
1588 2836 1703 2897 sanctis
1725 2837 1820 2896 mana

122 2922 298 2979 responsum,
326 2922 389 2963 cuin
415 2914 564 2963 sanxerunt
593 2906 729 2962 «dnobus
756 2904 938 2976 principaliter
963 2908 1092 2963 mnndum
1121 2920 1151 2964 re
1171 2904 1189 2975 ¹,
1219 2905 1377 2963 anctoritate
1404 2920 1481 2963 sacra
1505 2905 1681 2979 pontificum
1707 2918 1738 2967 et
1759 2910 1820 2985 reqil

123 2986 267 3053 potestate,
296 2986 451 3051 utrumque,
480 2993 543 3034 cuni
572 2977 600 3031 in
629 2976 736 3034 Christo
766 2978 888 3046 iunctum
916 2984 995 3044 esset,
1024 2977 1052 3033 in
1074 2976 1152 3051 ponti
1172 2976 1249 3033 cibus
1276 2989 1304 3034 et
1324 2975 1437 3050 regibus
1462 2986 1598 3048 tanquam
1635 2980 1691 3037 Dei
1712 2982 1822 3039 munira
1848 3014 1851 3037 ;

123 3051 262 3135 partitum,
280 3069 294 3102 a
313 3053 383 3106 duos
406 3049 468 3105 iude
483 3063 626 3122 supremos
649 3047 818 3118 principatus
841 3046 987 3115 exstitisse,
1002 3056 1056 3104 ets
1076 3064 1157 3106 suurn
1183 3049 1281 3120 cuique
1306 3049 1447 3120 potestatis
1473 3048 1589 3107 modnm
1618 3052 1821 3117 attmbntonrr

124 3130 196 3179 inter
220 3122 315 3178 ambos
337 3119 503 3191 principatus
530 3135 635 3176 sacrum
663 3118 802 3190 quoddam
829 3118 919 3177 Ioedns
940 3120 1045 3186 initum,
1074 3129 1215 3192 sequestro
1247 3125 1276 3175 et
1302 3118 1477 3178 conciliatore
1496 3118 1633 3192 Cliniam
1650 3140 1706 3206 pro
1719 3126 1824 3183 snam
1850 3150 1853 3155 ·

124 3191 204 3268 pulos
218 3200 295 3267 parte
309 3194 412 3250 servire
437 3192 573 3249 communi
595 3189 721 3259 Domino,
750 3193 864 3262 ejusque
888 3206 1014 3261 sponsam
1039 3193 1110 3248 tueri
1137 3201 1165 3249 et
1195 3191 1286 3247 hostes
1315 3190 1415 3264 junctis
1438 3190 1547 3249 viribus
1574 3195 1751 3269 prodigam
1778 3212 1825 3253 nan
1851 3222 1854 3231 ·

127 3268 335 3336 «narragam,
352 3263 478 3333 idemque
511 3263 645 3320 Sacerdos
672 3263 853 3330 sacerdotnm,
872 3262 919 3335 qui
933 3262 1010 3319 soliis
1035 3261 1184 3319 Ecclesiam
1212 3277 1307 3335 regere
1332 3264 1428 3333 potuit,
1444 3277 1528 3337 quani
1543 3264 1670 3336 redemit,
1692 3276 1826 3341 postqum

125 3347 215 3393 emen
241 3336 436 3391 humanitatem
450 3351 528 3391 snam
541 3336 567 3391 in
580 3334 680 3392 coelurn
692 3336 790 3399 evexit,
806 3349 915 3401 semper
937 3349 999 3389 cum
1020 3335 1078 3390 suis
1092 3334 1199 3391 futurus
1213 3333 1361 3401 divinitate,
1377 3342 1538 3407 potestatem
1556 3351 1632 3393 amm
1655 3335 1694 3393 ad
1708 3340 1827 3397 eamden

124 3408 328 3492 gubernandam
347 3405 495 3465 Ecclesiam
509 3405 537 3462 iii
565 3407 719 3463 sacerdotes
734 3405 826 3462 divisit
836 3412 864 3461 et
878 3419 967 3479 repes,
984 3413 1013 3462 nt
1027 3405 1101 3478 quod
1116 3405 1204 3461 sancti
1224 3405 1354 3463 docerent
1368 3405 1519 3478 pontiticas,
1529 3415 1560 3465 et
1579 3406 1635 3480 ipai
1647 3406 1828 3481 implorante·

124 3495 162 3537 im
182 3479 233 3539 Ieri
247 3477 365 3537 hoerent
377 3478 544 3534 devotissimi
564 3493 653 3558 repes.

160 3499 194 3609 Et
225 3556 298 3608 certe
330 3560 474 3621 postquam
507 3548 635 3615 Ecclesia,
668 3562 781 3605 excusso
804 3556 979 3619 tyrannorum
1007 3547 1088 3620 jugo,
1104 3555 1205 3606 asserta
1222 3556 1264 3604 cst
1280 3547 1309 3604 iii
1337 3547 1500 3617 libertatem,
1518 3549 1706 3625 gladiumque
1723 3552 1828 3626 Impera

123 3627 213 3677 torum
240 3637 256 3674 a
287 3620 344 3676 anis
371 3622 521 3675 cervicibus
548 3620 574 3672 in
602 3619 693 3674 hostes
716 3618 824 3690 avertit,
859 3635 927 3693 quos
947 3635 1026 3692 passa
1053 3620 1138 3679 iuerat
1161 3626 1240 3677 antea
1262 3621 1370 3693 tniqnos
1394 3630 1592 3692 persecutores,
1620 3631 1706 3681 nacta
1724 3634 1777 3693 est,
1794 3626 1827 3680 si·

122 3691 181 3747 niul
215 3705 247 3746 ac
275 3689 346 3745 fiilos
378 3689 451 3754 lecit,
480 3688 520 3744 rei
548 3690 617 3745 beiic
640 3690 768 3762 gerendae
794 3691 956 3761 justissimos
982 3693 1130 3760 adjutores·
1159 3692 1222 3748 Non
1245 3707 1312 3765 ergo
1326 3708 1405 3767 reqes
1421 3693 1535 3749 lorniam
1548 3694 1615 3750 iidei
1637 3697 1828 3769 praescribunt.
1863 3716 1867 3739 ¹

123 3776 212 3835 neque
236 3774 302 3817 vero
331 3774 450 3829 unquam
478 3761 540 3831 jure
572 3761 819 3832 prescripscrnnt3
848 3764 896 3818 sed
927 3773 1063 3833 acceptam
1088 3778 1105 3819 a
1126 3763 1439 3837 sac··rdoiihusquorum
1459 3764 1627 3836 «judicium
1643 3778 1827 3840 sequanicos
1864 3762 1867 3799 ²

124 3830 284 3889 servandam
301 3831 408 3902 populis
418 3832 524 3901 jubent.
540 3830 600 3888 Non
628 3833 726 3889 docent
744 3832 904 3902 Ecclesiam,
934 3836 981 3890 sed
1010 3837 1085 3895 velut
1116 3833 1205 3908 angeli
1238 3846 1331 3905 portas
1361 3834 1477 3893 ciiitatis
1503 3835 1554 3892 net
1587 3835 1725 3897 Ilammeo
1749 3839 1827 3913 gladio

125 3903 159 3963 ab
183 3902 319 3969 hereticis
345 3901 500 3959 detendunt.
535 3903 596 3959 Non
618 3919 668 3961 eos
691 3906 738 3980 qui
767 3915 860 3962 contra
884 3904 946 3961 Iidei
972 3903 1085 3962 formam
1112 3909 1233 3962 sentiunt
1244 3907 1389 3964 haereticos
1406 3908 1550 3979 declarant,
1566 3911 1619 3964 aad
1645 3910 1829 3969 hereticorum
1866 3952 1870 3963 .

125 3990 213 4048 penit
226 3972 368 4031 obnoxie.
383 3974 444 4030 Non
459 3974 510 4046 ipsi
524 3991 574 4044 per
587 3989 618 4030 sc
632 3975 776 4049 episcopos
802 3978 950 4050 deponunt,
970 3992 1059 4049 neque
1072 3975 1144 4034 ullos
1158 3979 1242 4034 sacris
1255 3979 1415 4048 abstinent;
1444 3978 1491 4051 qni
1516 3981 1591 4035 enim
1621 3990 1743 4053 possem
1758 3982 1773 4039 l
1788 3982 1830 4038 Sed
1867 4000 1870 4013 ·

124 4046 267 4130 sennodio
288 4055 477 4104 exauctoratos
503 4045 694 4119 abstentosque
721 4046 820 4118 expelli
845 4050 942 4118 jubent
963 4047 1117 4106 civitatibus
1144 4049 1211 4112 suis,
1238 4063 1274 4105 nn
1300 4049 1394 4105 turbas
1418 4055 1533 4116 creent:
1560 4047 1648 4123 jubet
1677 4062 1707 4111 et
1730 4055 1830 4111 alitia·
1866 4020 1871 4113 1

125 4124 254 4176 mactate
267 4115 385 4187 multari,
396 4133 431 4174 ne
446 4117 572 4174 venenati
586 4117 698 4191 spiritns
721 4119 847 4192 contagio
871 4127 993 4177 noceant.
1010 4121 1045 4176 Ut
1071 4135 1155 4176 unnm
1188 4120 1282 4175 demus
1309 4120 1474 4192 exemplum,
1496 4119 1610 4191 ipsimet
1639 4123 1740 4182 Panas
1765 4125 1830 4182 ttri-

124 4187 196 4257 aani,
226 4188 255 4246 in
278 4189 389 4245 heresis
410 4186 561 4264 Pelagianae
588 4205 679 4257 cause
703 4206 766 4248 curn
794 4191 961 4260 postularent
991 4190 1026 4245 ab
1053 4188 1264 4259 imperatoribus
1291 4191 1448 4263 hujusmodi
1466 4191 1573 4249 decmta
1602 4208 1659 4265 per
1672 4198 1828 4255 avnodomn

124 4260 240 4348 legatos,
271 4260 325 4334 ipsi
356 4261 455 4317 summi
484 4259 636 4331 pontifices,
657 4272 870 4389 equantacunque
894 4261 1027 4334 pollerent
1063 4263 1232 4330 auctoritate,
1262 4277 1322 4319 cnm
1355 4261 1438 4338 regiis
1467 4262 1564 4320 edictis
1585 4254 1698 4323 contra'
1720 4268 1830 4325 inimicat

124 4330 175 4391 Dei
198 4341 350 4397 utemntnr,
371 4339 445 4390 totus
463 4332 530 4388 ordo
553 4347 630 4388 sacer
684 4335 829 4399 ancorum,
856 4334 910 4389 imo
936 4334 1063 4390 universa
1085 4331 1205 4390 Ecclesia
1228 4349 1289 4390 cun
1317 4333 1412 4392 iisdem
1438 4333 1533 4391 edictis
1560 4346 1688 4407 pareret,
1707 4344 1830 4396 advenas

124 4402 226 4482 earnes
241 4403 413 4473 exceptiones
442 4401 602 4474 praescribit,
627 4403 761 4486 simulque
789 4405 867 4461 docet
884 4405 958 4476 qnod
981 4405 1162 4477 >presignavit
1187 4414 1214 4462 et
1235 4404 1357 4461 Christus
1382 4413 1444 4462 ante
1472 4404 1631 4477 passionem
1652 4420 1683 4467 et
1710 4410 1828 4467 Danau

124 4473 282 4533 conditione
296 4473 400 4541 mundi,
415 4488 485 4544 opus
499 4473 597 4529 habere
624 4474 783 4546 Eoelesism,
797 4475 832 4530 ad
856 4474 954 4548 impios
980 4477 1131 4543 terrendos,
1160 4476 1266 4533 dnobus
1297 4476 1407 4549 gladiis,
1435 4476 1595 4548 duobusque
1625 4480 1664 4537 ad
1692 4478 1828 4539 illumm-

125 4545 191 4603 dnm
214 4545 345 4602 mnndum
372 4544 540 4616 spiritualem
573 4543 763 4604 luminaribus.
789 4547 884 4619 Neque
915 4546 997 4614 enim,
1025 4554 1055 4602 ut
1086 4546 1161 4603 aiunt
1198 4546 1302 4617 Patres,
1329 4546 1489 4618 sufficiebat,
1524 4549 1565 4605 vel
1585 4564 1676 4607 unum
1705 4552 1828 4610 tannia
1864 4606 1867 4611 .

124 4623 220 4674 eontra
233 4631 329 4673 omnes
352 4631 460 4673 errores
487 4615 613 4683 chonias,
641 4619 684 4675 vel
716 4633 787 4674 nnus
809 4617 918 4692 gladius
939 4619 1068 4675 adversus
1090 4617 1222 4675 elirenem
1251 4618 1397 4683 lmpiornm
1425 4618 1580 4687 andedam
1610 4636 1679 4679 cnm
1708 4630 1740 4681 et
1764 4623 1827 4681 ottu-
1864 4668 1867 4679 .

126 4686 306 4747 cias-Iaceret
332 4686 384 4743 sibi
408 4688 521 4758 aliisque
546 4689 665 4759 pertinax
691 4688 816 4760 anImns,
840 4699 869 4747 et
895 4687 1034 4745 andaciam
1067 4705 1100 4747 ex
1128 4688 1254 4762 patientis
1290 4690 1424 4748 bonorum
1451 4689 1612 4762 improbitas
1640 4702 1785 4752 sumena.
1804 4693 1826 4749 ld
1864 4692 1868 4749 t

127 4775 191 4818 cuin
206 4759 366 4833 gravissime
385 4767 412 4814 et
431 4760 573 4816 verissIme
600 4763 636 4816 sit
663 4761 762 4818 dictum
788 4761 862 4827 olim,
888 4771 945 4817 tuin
968 4759 1053 4817 nostri
1079 4777 1186 4832 quoqne
1215 4761 1344 4833 temporIs
1367 4760 1459 4817 inlcliir
1485 4760 1657 4829 experientia
1685 4765 1826 4823 ceradis
1865 4766 1868 4803 ἕ

126 4832 294 4904 comprobat,
310 4839 339 4886 ut
357 4841 452 4887 votum
462 4831 492 4886 S.
507 4831 635 4886 Bernariti
658 4848 795 4902 nunquam
824 4832 903 4887 inerit
929 4830 1107 4902 opportunius
1123 4850 1130 4887 :
1149 4853 1161 4883 i
1181 4831 1259 4901 Quod
1275 4833 1348 4889 Deus
1360 4832 1510 4902 conjunxit,
1526 4832 1609 4889 homo
1624 4850 1684 4892 non
1704 4846 1824 4910 nepam

124 4902 243 4976 jungant
255 4918 285 4957 se
296 4901 397 4982 animis
406 4902 456 5028 gui
468 4902 555 4971 juncti
575 4909 638 4958 sunt
653 4902 791 4971 institutis,
807 4902 922 4960 invicem
937 4919 966 4958 se
981 4903 1101 4968 turcani,
1116 4902 1229 4959 invicem
1243 4917 1272 4959 se
1285 4903 1441 4972 defendant,
1457 4905 1574 4961 invicem
1587 4921 1641 4963 aua
1655 4922 1750 4966 onera
1768 4923 1823 4982 por·
1867 4910 1870 4923 '

128 4982 194 5032 teni.
212 4992 224 5025 a
243 4974 339 5045 (Epist.
355 4973 389 5028 ad
428 4972 524 5032 onrad.
540 4988 612 5048 reg„
628 4973 787 5043 CLXXXII,
803 4976 875 5044 4413
896 4972 1018 5040 XLVIII,
1034 4973 1110 5046 377.)

157 5148 374 5203 evacuantes
404 5149 448 5209 111,
472 5162 517 5200 rex
546 5149 693 5214 huglomm.
721 5177 750 5189 -
780 5151 816 5203 lie
848 5150 951 5201 denario
1006 5149 1149 5212 reddendis,
1172 5151 1203 5202 da
1226 5164 1337 5224 paupere
1358 5151 1462 5211 alendo,
1484 5159 1510 5203 at
1531 5152 1701 5229 eleemosyna
1724 5173 1740 5210 e
1762 5157 1826 5223 rasili
1870 5184 1873 5195 =

127 5221 218 5265 sancte
235 5213 352 5264 Ecclesia
376 5212 539 5289 dando,etc.,
557 5214 592 5285 de¹
604 5213 769 5286 decimatione
789 5216 949 5287 thaynorum,
1003 5213 1105 5287 praediis
1128 5212 1259 5264 adnuatun
1279 5216 1412 5287 eroganda,
1432 5215 1463 5266 de
1478 5215 1619 5289 irruptione
1642 5232 1670 5269 in
1691 5221 1825 5276 cedam.

127 5277 187 5338 CLI,
205 5279 275 5329 1166.
293 5303 325 5349 ‘.
348 5276 493 5348 lie'Jepunio
509 5283 534 5324 et
549 5274 765 5348 tarraconensium
780 5277 878 5349 dierum
894 5283 953 5326 aute
1004 5275 1035 5348 de
1051 5289 1128 5339 sagis,
1144 5276 1174 5326 de
1193 5284 1349 5350 mortetenus,
1366 5277 1512 5351 deordalio
1529 5287 1674 5354 anaratars
1702 5285 1825 5348 spondan-

117 5337 951 5476 ,ithhiiiltltilssniihl‚¹llis-⁰ttiiltltllttlt
1003 5337 1136 5471 11111.
1155 5339 1826 5471 telietttltltialtllfflniiim·

127 5472 220 5515 sancte
243 5460 288 5514 bei
315 5463 431 5535 Ecclesiae
448 5461 590 5524 reddendis,
610 5461 670 5523 CLI,
692 5466 764 5513 1161.
786 5490 818 5500 -
840 5463 950 5536 linquis
1002 5462 1073 5513 ribos
1089 5470 1114 5512 at
1129 5461 1193 5524 loco,
1208 5461 1365 5535 CXXXVIII,
1381 5466 1498 5536 tbi-tlt.

126 5527 334 5578 vendatnrextra
355 5535 471 5597 patriam,
496 5523 556 5583 CLI,
575 5528 647 5578 1167.
664 5552 695 5562 -
716 5524 751 5576 na
766 5525 867 5576 roboria
881 5528 950 5576 etde
1032 5522 1179 5586 sentitiis,
1193 5523 1488 5597 Constantinopolitanae
1509 5527 1659 5592 imperator.
1673 5555 1710 5569 ·-
1723 5531 1826 5609 Qumis

128 5589 235 5638 chamos
255 5588 327 5638 uiant
340 5587 530 5640 rectitudinibus
546 5585 672 5647 Ecclesia,
688 5586 749 5648 CLI,
766 5589 838 5639 1169.
893 5647 899 5660 ⁸
1001 5585 1035 5635 ad
1048 5585 1187 5659 liebertum
1200 5586 1326 5638 Elandria
1342 5588 1459 5640 comitam
1473 5590 1538 5641 atad
1551 5604 1642 5642 omnes
1658 5590 1826 5652 Cbmmuos,

145 5646 190 5715 ¹R
273 5647 404 5711 status,
421 5649 558 5715 anqlomm
573 5663 627 5701 rar.
651 5675 681 5689 -
703 5648 782 5716 Laeca
797 5651 829 5703 dc
845 5648 950 5702 damis
1000 5654 1030 5700 nt
1045 5647 1096 5701 sibi
1109 5661 1321 5716 contrapaqanos
1336 5663 1409 5716 opani
1422 5651 1595 5716 luantChV,
1610 5655 1672 5708 tae.
