<?xml version="1.0" encoding="UTF-8"?>
<!DOCTYPE html PUBLIC "-//W3C//DTD XHTML 1.0 Transitional//EN"
    "http://www.w3.org/TR/xhtml1/DTD/xhtml1-transitional.dtd">
<html xmlns="http://www.w3.org/1999/xhtml" xml:lang="en" lang="en">
 <head>
  <title>
</title>
<meta http-equiv="Content-Type" content="text/html;charset=utf-8" />
  <meta name='ocr-system' content='tesseract 3.04.00' />
  <meta name='ocr-capabilities' content='ocr_page ocr_carea ocr_par ocr_line ocrx_word'/>
</head>
<body>
  <div class='ocr_page' id='page_1' title='image "./patrologiaecurs03goog/patrologiaecurs03goog_0379.png"; bbox 0 0 3750 6038; ppageno 0'>
   <div class='ocr_carea' id='block_1_1' title="bbox 142 177 196 238">
    <p class='ocr_par' dir='ltr' id='par_1_1' title="bbox 142 177 196 238">
     <span class='ocr_line' id='line_1_1' title="bbox 142 177 196 238; baseline 0.037 -2"><span class='ocrx_word' id='word_1_1' title='bbox 142 177 196 238; x_wconf 79' lang='lat' dir='ltr'><strong>tlt</strong></span> 
     </span>
    </p>
   </div>
   <div class='ocr_carea' id='block_1_2' title="bbox 143 291 965 1042">
    <p class='ocr_par' dir='ltr' id='par_1_2' title="bbox 143 291 965 1042">
     <span class='ocr_line' id='line_1_2' title="bbox 143 291 965 354; baseline -0.012 -1"><span class='ocrx_word' id='word_1_2' title='bbox 143 295 246 354; x_wconf 84' lang='lat' dir='ltr'><strong>subtilia</strong></span> <span class='ocrx_word' id='word_1_3' title='bbox 258 306 282 348; x_wconf 89' lang='lat' dir='ltr'><strong>et</strong></span> <span class='ocrx_word' id='word_1_4' title='bbox 298 311 370 348; x_wconf 89' lang='lat' dir='ltr'><strong>aerea</strong></span> <span class='ocrx_word' id='word_1_5' title='bbox 383 309 437 346; x_wconf 91' lang='lat' dir='ltr'><strong>esse</strong></span> <span class='ocrx_word' id='word_1_6' title='bbox 449 295 536 344; x_wconf 85' lang='lat' dir='ltr'><strong>lutura</strong></span> <span class='ocrx_word' id='word_1_7' title='bbox 552 296 575 343; x_wconf 82' lang='grc'><strong>3.</strong></span> <span class='ocrx_word' id='word_1_8' title='bbox 593 292 691 342; x_wconf 83' lang='lat' dir='ltr'><strong>Erravit</strong></span> <span class='ocrx_word' id='word_1_9' title='bbox 715 291 779 341; x_wconf 91' lang='lat' dir='ltr'><strong>circs</strong></span> <span class='ocrx_word' id='word_1_10' title='bbox 799 300 891 343; x_wconf 88' lang='lat' dir='ltr'><strong>statum</strong></span> <span class='ocrx_word' id='word_1_11' title='bbox 908 293 965 344; x_wconf 88' lang='lat' dir='ltr'><strong>aul·</strong></span> 
     </span>
     <span class='ocr_line' id='line_1_3' title="bbox 144 356 963 425; baseline -0.012 -10"><span class='ocrx_word' id='word_1_12' title='bbox 144 377 242 415; x_wconf 76' lang='lat' dir='ltr'><strong>mutim</strong></span> <span class='ocrx_word' id='word_1_13' title='bbox 258 368 315 425; x_wconf 87' lang='lat' dir='ltr'><strong>post</strong></span> <span class='ocrx_word' id='word_1_14' title='bbox 327 361 390 410; x_wconf 90' lang='lat' dir='ltr'><strong>banc</strong></span> <span class='ocrx_word' id='word_1_15' title='bbox 408 360 493 407; x_wconf 89' lang='lat' dir='ltr'><strong>vitam.</strong></span> <span class='ocrx_word' id='word_1_16' title='bbox 503 356 597 405; x_wconf 85' lang='lat' dir='ltr'><strong>Praeter</strong></span> <span class='ocrx_word' id='word_1_17' title='bbox 607 369 683 418; x_wconf 88' lang='lat' dir='ltr'><strong>quarn</strong></span> <span class='ocrx_word' id='word_1_18' title='bbox 696 358 763 404; x_wconf 90' lang='lat' dir='ltr'><strong>euim</strong></span> <span class='ocrx_word' id='word_1_19' title='bbox 773 356 841 417; x_wconf 91' lang='lat' dir='ltr'><strong>quod</strong></span> <span class='ocrx_word' id='word_1_20' title='bbox 855 363 963 419; x_wconf 88' lang='lat' dir='ltr'><strong>negaret,</strong></span> 
     </span>
     <span class='ocr_line' id='line_1_4' title="bbox 143 416 961 481; baseline -0.011 -5"><span class='ocrx_word' id='word_1_21' title='bbox 143 427 316 476; x_wconf 85' lang='lat' dir='ltr'><strong>damnatorum</strong></span> <span class='ocrx_word' id='word_1_22' title='bbox 341 422 439 470; x_wconf 82' lang='lat' dir='ltr'><strong>estimas</strong></span> <span class='ocrx_word' id='word_1_23' title='bbox 460 418 588 481; x_wconf 90' lang='lat' dir='ltr'><strong>quidpiam</strong></span> <span class='ocrx_word' id='word_1_24' title='bbox 610 418 663 480; x_wconf 88' lang='lat' dir='ltr'><strong>pati</strong></span> <span class='ocrx_word' id='word_1_25' title='bbox 691 416 724 466; x_wconf 92' lang='lat' dir='ltr'><strong>ab</strong></span> <span class='ocrx_word' id='word_1_26' title='bbox 748 417 807 478; x_wconf 81' lang='lat' dir='ltr'><strong>igne</strong></span> <span class='ocrx_word' id='word_1_27' title='bbox 831 432 961 481; x_wconf 87' lang='lat' dir='ltr'><strong>corporeo,</strong></span> 
     </span>
     <span class='ocr_line' id='line_1_5' title="bbox 144 480 965 550; baseline -0.009 -12"><span class='ocrx_word' id='word_1_28' title='bbox 144 488 249 550; x_wconf 88' lang='lat' dir='ltr'><strong>insuper</strong></span> <span class='ocrx_word' id='word_1_29' title='bbox 263 484 369 546; x_wconf 86' lang='lat' dir='ltr'><strong>negabat</strong></span> <span class='ocrx_word' id='word_1_30' title='bbox 384 482 495 540; x_wconf 90' lang='lat' dir='ltr'><strong>illorum,</strong></span> <span class='ocrx_word' id='word_1_31' title='bbox 511 480 684 529; x_wconf 73' lang='lat' dir='ltr'><strong>daemonumve</strong></span> <span class='ocrx_word' id='word_1_32' title='bbox 699 480 813 549; x_wconf 88' lang='lat' dir='ltr'><strong>ipsorum</strong></span> <span class='ocrx_word' id='word_1_33' title='bbox 828 494 916 542; x_wconf 83' lang='lat' dir='ltr'><strong>peenas</strong></span> <span class='ocrx_word' id='word_1_34' title='bbox 939 489 965 531; x_wconf 87' lang='lat' dir='ltr'><strong>et</strong></span> 
     </span>
     <span class='ocr_line' id='line_1_6' title="bbox 144 541 963 600; baseline -0.01 0"><span class='ocrx_word' id='word_1_35' title='bbox 144 559 264 600; x_wconf 77' lang='lat' dir='ltr'><strong>merirum</strong></span> <span class='ocrx_word' id='word_1_36' title='bbox 282 561 338 594; x_wconf 86' lang='lat' dir='ltr'><strong>esse</strong></span> <span class='ocrx_word' id='word_1_37' title='bbox 353 546 497 594; x_wconf 87' lang='lat' dir='ltr'><strong>duraturas.</strong></span> <span class='ocrx_word' id='word_1_38' title='bbox 514 541 637 596; x_wconf 76' lang='lat' dir='ltr'><strong>Addebat.</strong></span> <span class='ocrx_word' id='word_1_39' title='bbox 654 541 782 590; x_wconf 84' lang='lat' dir='ltr'><strong>Christum</strong></span> <span class='ocrx_word' id='word_1_40' title='bbox 801 542 891 592; x_wconf 88' lang='lat' dir='ltr'><strong>iterum</strong></span> <span class='ocrx_word' id='word_1_41' title='bbox 908 557 963 592; x_wconf 89' lang='lat' dir='ltr'><strong>esse</strong></span> 
     </span>
     <span class='ocr_line' id='line_1_7' title="bbox 144 603 963 678; baseline -0.01 -16"><span class='ocrx_word' id='word_1_42' title='bbox 144 608 337 672; x_wconf 79' lang='lat' dir='ltr'><strong>crucifigendum</strong></span> <span class='ocrx_word' id='word_1_43' title='bbox 361 620 406 678; x_wconf 91' lang='lat' dir='ltr'><strong>pro</strong></span> <span class='ocrx_word' id='word_1_44' title='bbox 433 603 656 655; x_wconf 66' lang='lat' dir='ltr'><strong>determinassem</strong></span> <span class='ocrx_word' id='word_1_45' title='bbox 679 611 816 651; x_wconf 79' lang='lat' dir='ltr'><strong>extremum</strong></span> <span class='ocrx_word' id='word_1_46' title='bbox 837 619 866 653; x_wconf 90' lang='lat' dir='ltr'><strong>eo</strong></span> <span class='ocrx_word' id='word_1_47' title='bbox 882 618 963 668; x_wconf 89' lang='lat' dir='ltr'><strong>nsque</strong></span> 
     </span>
     <span class='ocr_line' id='line_1_8' title="bbox 144 665 964 731; baseline -0.009 -9"><span class='ocrx_word' id='word_1_48' title='bbox 144 673 269 731; x_wconf 84' lang='lat' dir='ltr'><strong>deliravit,</strong></span> <span class='ocrx_word' id='word_1_49' title='bbox 293 678 329 725; x_wconf 84' lang='lat' dir='ltr'><strong>ut,</strong></span> <span class='ocrx_word' id='word_1_50' title='bbox 353 676 418 718; x_wconf 84' lang='lat' dir='ltr'><strong>sicet</strong></span> <span class='ocrx_word' id='word_1_51' title='bbox 433 666 541 731; x_wconf 89' lang='lat' dir='ltr'><strong>penebat</strong></span> <span class='ocrx_word' id='word_1_52' title='bbox 554 667 680 716; x_wconf 82' lang='lat' dir='ltr'><strong>demones</strong></span> <span class='ocrx_word' id='word_1_53' title='bbox 700 673 725 714; x_wconf 90' lang='lat' dir='ltr'><strong>et</strong></span> <span class='ocrx_word' id='word_1_54' title='bbox 747 665 845 714; x_wconf 85' lang='lat' dir='ltr'><strong>animas</strong></span> <span class='ocrx_word' id='word_1_55' title='bbox 861 667 964 715; x_wconf 88' lang='lat' dir='ltr'><strong>damna·</strong></span> 
     </span>
     <span class='ocr_line' id='line_1_9' title="bbox 144 728 962 795; baseline -0.009 -11"><span class='ocrx_word' id='word_1_56' title='bbox 144 743 226 785; x_wconf 88' lang='lat' dir='ltr'><strong>torem</strong></span> <span class='ocrx_word' id='word_1_57' title='bbox 242 732 393 795; x_wconf 89' lang='lat' dir='ltr'><strong>quandoque</strong></span> <span class='ocrx_word' id='word_1_58' title='bbox 409 745 424 777; x_wconf 90' lang='lat' dir='ltr'><strong>a</strong></span> <span class='ocrx_word' id='word_1_59' title='bbox 438 745 510 792; x_wconf 77' lang='lat' dir='ltr'><strong>ltoetta</strong></span> <span class='ocrx_word' id='word_1_60' title='bbox 522 728 674 787; x_wconf 88' lang='lat' dir='ltr'><strong>liberandas,</strong></span> <span class='ocrx_word' id='word_1_61' title='bbox 688 728 723 777; x_wconf 88' lang='lat' dir='ltr'><strong>ita</strong></span> <span class='ocrx_word' id='word_1_62' title='bbox 736 737 838 790; x_wconf 78' lang='lat' dir='ltr'><strong>poneret</strong></span> <span class='ocrx_word' id='word_1_63' title='bbox 860 729 962 791; x_wconf 91' lang='lat' dir='ltr'><strong>angelos</strong></span> 
     </span>
     <span class='ocr_line' id='line_1_10' title="bbox 144 789 962 856; baseline -0.005 -10"><span class='ocrx_word' id='word_1_64' title='bbox 144 805 168 847; x_wconf 89' lang='lat' dir='ltr'><strong>et</strong></span> <span class='ocrx_word' id='word_1_65' title='bbox 188 796 286 844; x_wconf 85' lang='lat' dir='ltr'><strong>animas</strong></span> <span class='ocrx_word' id='word_1_66' title='bbox 305 794 436 842; x_wconf 87' lang='lat' dir='ltr'><strong>beatorum</strong></span> <span class='ocrx_word' id='word_1_67' title='bbox 458 792 607 854; x_wconf 72' lang='lat' dir='ltr'>quandoque</span> <span class='ocrx_word' id='word_1_68' title='bbox 626 804 642 838; x_wconf 90' lang='lat' dir='ltr'><strong>a</strong></span> <span class='ocrx_word' id='word_1_69' title='bbox 662 789 815 839; x_wconf 91' lang='lat' dir='ltr'><strong>beatitudine</strong></span> <span class='ocrx_word' id='word_1_70' title='bbox 837 791 863 838; x_wconf 92' lang='lat' dir='ltr'><strong>iu</strong></span> <span class='ocrx_word' id='word_1_71' title='bbox 886 791 962 856; x_wconf 82' lang='lat' dir='ltr'><strong>hujus</strong></span> 
     </span>
     <span class='ocr_line' id='line_1_11' title="bbox 143 851 962 916; baseline -0.004 -10"><span class='ocrx_word' id='word_1_72' title='bbox 143 861 200 907; x_wconf 77' lang='lat' dir='ltr'><strong>vita</strong></span> <span class='ocrx_word' id='word_1_73' title='bbox 215 857 331 907; x_wconf 76' lang='lat' dir='ltr'><strong>miserias</strong></span> <span class='ocrx_word' id='word_1_74' title='bbox 345 854 522 907; x_wconf 80' lang='lat' dir='ltr'><strong>devolvendae.</strong></span> <span class='ocrx_word' id='word_1_75' title='bbox 537 852 589 902; x_wconf 92' lang='lat' dir='ltr'><strong>lmo</strong></span> <span class='ocrx_word' id='word_1_76' title='bbox 606 852 739 902; x_wconf 87' lang='lat' dir='ltr'><strong>damnatos</strong></span> <span class='ocrx_word' id='word_1_77' title='bbox 756 851 789 899; x_wconf 90' lang='lat' dir='ltr'><strong>ad</strong></span> <span class='ocrx_word' id='word_1_78' title='bbox 800 853 846 901; x_wconf 92' lang='lat' dir='ltr'><strong>hoc</strong></span> <span class='ocrx_word' id='word_1_79' title='bbox 860 866 962 916; x_wconf 90' lang='lat' dir='ltr'><strong>queque</strong></span> 
     </span>
     <span class='ocr_line' id='line_1_12' title="bbox 144 914 963 974; baseline -0.005 -4"><span class='ocrx_word' id='word_1_80' title='bbox 144 921 265 970; x_wconf 80' lang='lat' dir='ltr'><strong>saeculum</strong></span> <span class='ocrx_word' id='word_1_81' title='bbox 277 931 366 967; x_wconf 89' lang='lat' dir='ltr'><strong>rursus</strong></span> <span class='ocrx_word' id='word_1_82' title='bbox 380 916 511 974; x_wconf 87' lang='lat' dir='ltr'><strong>redituros,</strong></span> <span class='ocrx_word' id='word_1_83' title='bbox 532 922 556 963; x_wconf 91' lang='lat' dir='ltr'><strong>et</strong></span> <span class='ocrx_word' id='word_1_84' title='bbox 573 915 630 963; x_wconf 94' lang='lat' dir='ltr'><strong>hinc</strong></span> <span class='ocrx_word' id='word_1_85' title='bbox 646 915 680 964; x_wconf 94' lang='lat' dir='ltr'><strong>ad</strong></span> <span class='ocrx_word' id='word_1_86' title='bbox 704 914 884 964; x_wconf 88' lang='lat' dir='ltr'><strong>beatitudinem</strong></span> <span class='ocrx_word' id='word_1_87' title='bbox 904 929 963 967; x_wconf 83' lang='lat' dir='ltr'><strong>ero·</strong></span> 
     </span>
     <span class='ocr_line' id='line_1_13' title="bbox 144 976 962 1042; baseline -0.005 -10"><span class='ocrx_word' id='word_1_88' title='bbox 144 984 247 1038; x_wconf 75' lang='lat' dir='ltr'><strong>marles.</strong></span> <span class='ocrx_word' id='word_1_89' title='bbox 263 982 440 1042; x_wconf 82' lang='lat' dir='ltr'><strong>‹immunesque</strong></span> <span class='ocrx_word' id='word_1_90' title='bbox 456 979 482 1027; x_wconf 92' lang='lat' dir='ltr'><strong>in</strong></span> <span class='ocrx_word' id='word_1_91' title='bbox 496 978 603 1041; x_wconf 88' lang='lat' dir='ltr'><strong>priorem</strong></span> <span class='ocrx_word' id='word_1_92' title='bbox 622 986 713 1027; x_wconf 91' lang='lat' dir='ltr'><strong>statem</strong></span> <span class='ocrx_word' id='word_1_93' title='bbox 730 983 755 1026; x_wconf 92' lang='lat' dir='ltr'><strong>et</strong></span> <span class='ocrx_word' id='word_1_94' title='bbox 778 976 892 1028; x_wconf 87' lang='lat' dir='ltr'><strong>ordinem</strong></span> <span class='ocrx_word' id='word_1_95' title='bbox 910 991 962 1028; x_wconf 90' lang='lat' dir='ltr'><strong>res·</strong></span> 
     </span>
    </p>
   </div>
   <div class='ocr_carea' id='block_1_3' title="bbox 145 1044 963 1165">
    <p class='ocr_par' dir='ltr' id='par_1_3' title="bbox 145 1044 963 1165">
     <span class='ocr_line' id='line_1_14' title="bbox 145 1044 963 1165; baseline -0.007 -9"><span class='ocrx_word' id='word_1_96' title='bbox 145 1044 316 1156; x_wconf 42' lang='lat' dir='ltr'><strong>‘affigas</strong></span> <span class='ocrx_word' id='word_1_97' title='bbox 334 1128 365 1140; x_wconf 88' lang='lat'>-</span> <span class='ocrx_word' id='word_1_98' title='bbox 381 1103 424 1151; x_wconf 88' lang='lat' dir='ltr'><strong>liis</strong></span> <span class='ocrx_word' id='word_1_99' title='bbox 439 1100 629 1165; x_wconf 73' lang='lat' dir='ltr'><strong>appellationem</strong></span> <span class='ocrx_word' id='word_1_100' title='bbox 646 1099 713 1148; x_wconf 87' lang='lat' dir='ltr'><strong>dedit</strong></span> <span class='ocrx_word' id='word_1_101' title='bbox 741 1099 823 1149; x_wconf 82' lang='lat' dir='ltr'><strong>Vosne</strong></span> <span class='ocrx_word' id='word_1_102' title='bbox 849 1100 963 1163; x_wconf 88' lang='lat' dir='ltr'><strong>quidam,</strong></span> 
     </span>
    </p>
   </div>
   <div class='ocr_carea' id='block_1_4' title="bbox 140 1161 964 2469">
    <p class='ocr_par' dir='ltr' id='par_1_4' title="bbox 140 1161 964 2469">
     <span class='ocr_line' id='line_1_15' title="bbox 144 1161 964 1227; baseline -0.005 -9"><span class='ocrx_word' id='word_1_103' title='bbox 144 1170 244 1218; x_wconf 86' lang='lat' dir='ltr'><strong>uetioue</strong></span> <span class='ocrx_word' id='word_1_104' title='bbox 262 1164 480 1227; x_wconf 63' lang='lat' dir='ltr'><strong>varssenaere</strong></span> <span class='ocrx_word' id='word_1_105' title='bbox 498 1164 618 1212; x_wconf 91' lang='lat' dir='ltr'><strong>Cuhricns</strong></span> <span class='ocrx_word' id='word_1_106' title='bbox 635 1161 782 1221; x_wconf 85' lang='lat' dir='ltr'><strong>vobabatur‚</strong></span> <span class='ocrx_word' id='word_1_107' title='bbox 799 1171 822 1212; x_wconf 92' lang='lat' dir='ltr'><strong>et</strong></span> <span class='ocrx_word' id='word_1_108' title='bbox 839 1171 897 1225; x_wconf 86' lang='lat' dir='ltr'><strong>post</strong></span> <span class='ocrx_word' id='word_1_109' title='bbox 911 1165 964 1215; x_wconf 78' lang='lat' dir='ltr'><strong>hac</strong></span> 
     </span>
     <span class='ocr_line' id='line_1_16' title="bbox 144 1225 964 1297; baseline -0.005 -18"><span class='ocrx_word' id='word_1_110' title='bbox 144 1231 228 1280; x_wconf 90' lang='lat' dir='ltr'><strong>vocari</strong></span> <span class='ocrx_word' id='word_1_111' title='bbox 242 1229 321 1279; x_wconf 86' lang='lat' dir='ltr'><strong>voluit</strong></span> <span class='ocrx_word' id='word_1_112' title='bbox 349 1228 441 1277; x_wconf 82' lang='grc'><strong>1111111.</strong></span> <span class='ocrx_word' id='word_1_113' title='bbox 463 1226 594 1274; x_wconf 83' lang='lat' dir='ltr'><strong>blanichaei</strong></span> <span class='ocrx_word' id='word_1_114' title='bbox 613 1229 637 1274; x_wconf 90' lang='grc'><strong>1.</strong></span> <span class='ocrx_word' id='word_1_115' title='bbox 662 1225 805 1274; x_wconf 78' lang='lat' dir='ltr'><strong>statuebant</strong></span> <span class='ocrx_word' id='word_1_116' title='bbox 824 1226 874 1274; x_wconf 91' lang='lat' dir='ltr'><strong>duo</strong></span> <span class='ocrx_word' id='word_1_117' title='bbox 897 1227 964 1297; x_wconf 90' lang='lat' dir='ltr'><strong>prin·</strong></span> 
     </span>
     <span class='ocr_line' id='line_1_17' title="bbox 143 1286 963 1356; baseline -0.004 -15"><span class='ocrx_word' id='word_1_118' title='bbox 143 1293 210 1356; x_wconf 89' lang='lat' dir='ltr'><strong>cipia</strong></span> <span class='ocrx_word' id='word_1_119' title='bbox 224 1291 349 1354; x_wconf 84' lang='lat' dir='ltr'><strong>opposita,</strong></span> <span class='ocrx_word' id='word_1_120' title='bbox 361 1299 385 1339; x_wconf 91' lang='lat' dir='ltr'><strong>et</strong></span> <span class='ocrx_word' id='word_1_121' title='bbox 399 1288 500 1350; x_wconf 90' lang='lat' dir='ltr'><strong>quidem</strong></span> <span class='ocrx_word' id='word_1_122' title='bbox 513 1296 615 1347; x_wconf 76' lang='lat' dir='ltr'><strong>reterns,</strong></span> <span class='ocrx_word' id='word_1_123' title='bbox 631 1287 795 1345; x_wconf 76' lang='lat' dir='ltr'><strong>immortalia,</strong></span> <span class='ocrx_word' id='word_1_124' title='bbox 811 1286 963 1338; x_wconf 76' lang='grc'><strong>1111111111]</strong></span> 
     </span>
     <span class='ocr_line' id='line_1_18' title="bbox 143 1348 962 1407; baseline -0.001 -5"><span class='ocrx_word' id='word_1_125' title='bbox 143 1353 356 1407; x_wconf 80' lang='grc'><strong>111111111111111111;</strong></span> <span class='ocrx_word' id='word_1_126' title='bbox 375 1364 452 1399; x_wconf 93' lang='lat' dir='ltr'><strong>unum</strong></span> <span class='ocrx_word' id='word_1_127' title='bbox 466 1352 561 1399; x_wconf 82' lang='lat' dir='ltr'><strong>hortem</strong></span> <span class='ocrx_word' id='word_1_128' title='bbox 575 1358 599 1398; x_wconf 90' lang='lat' dir='ltr'><strong>et</strong></span> <span class='ocrx_word' id='word_1_129' title='bbox 621 1348 729 1398; x_wconf 87' lang='lat' dir='ltr'><strong>alterurn</strong></span> <span class='ocrx_word' id='word_1_130' title='bbox 756 1349 857 1399; x_wconf 89' lang='lat' dir='ltr'><strong>melum.</strong></span> <span class='ocrx_word' id='word_1_131' title='bbox 883 1349 962 1401; x_wconf 85' lang='lat' dir='ltr'><strong>ileum</strong></span> 
     </span>
     <span class='ocr_line' id='line_1_19' title="bbox 144 1368 964 1477; baseline -0.002 -13"><span class='ocrx_word' id='word_1_132' title='bbox 144 1368 270 1464; x_wconf 57' lang='lat' dir='ltr'><strong>iaciebant</strong></span> <span class='ocrx_word' id='word_1_133' title='bbox 299 1426 454 1477; x_wconf 79' lang='lat' dir='ltr'><strong>corporeum,</strong></span> <span class='ocrx_word' id='word_1_134' title='bbox 487 1413 584 1460; x_wconf 89' lang='lat' dir='ltr'><strong>linitum</strong></span> <span class='ocrx_word' id='word_1_135' title='bbox 607 1419 631 1459; x_wconf 90' lang='lat' dir='ltr'><strong>ct</strong></span> <span class='ocrx_word' id='word_1_136' title='bbox 666 1409 826 1460; x_wconf 76' lang='lat' dir='ltr'><strong>divisibilem.</strong></span> <span class='ocrx_word' id='word_1_137' title='bbox 858 1413 964 1473; x_wconf 87' lang='lat' dir='ltr'><strong>iusuper</strong></span> 
     </span>
     <span class='ocr_line' id='line_1_20' title="bbox 143 1473 962 1535; baseline -0.004 -9"><span class='ocrx_word' id='word_1_138' title='bbox 143 1477 254 1534; x_wconf 80' lang='lat' dir='ltr'><strong>Patrem,</strong></span> <span class='ocrx_word' id='word_1_139' title='bbox 273 1475 364 1525; x_wconf 83' lang='lat' dir='ltr'><strong>Filium</strong></span> <span class='ocrx_word' id='word_1_140' title='bbox 387 1483 410 1523; x_wconf 90' lang='lat' dir='ltr'><strong>et</strong></span> <span class='ocrx_word' id='word_1_141' title='bbox 431 1473 552 1535; x_wconf 86' lang='lat' dir='ltr'><strong>Spiritum</strong></span> <span class='ocrx_word' id='word_1_142' title='bbox 577 1481 687 1521; x_wconf 79' lang='lat' dir='ltr'><strong>eatstctum</strong></span> <span class='ocrx_word' id='word_1_143' title='bbox 713 1473 886 1533; x_wconf 87' lang='lat' dir='ltr'><strong>admittebant,</strong></span> <span class='ocrx_word' id='word_1_144' title='bbox 918 1475 962 1523; x_wconf 90' lang='lat' dir='ltr'><strong>sed</strong></span> 
     </span>
     <span class='ocr_line' id='line_1_21' title="bbox 144 1534 962 1599; baseline -0.004 -10"><span class='ocrx_word' id='word_1_145' title='bbox 144 1554 221 1589; x_wconf 91' lang='lat' dir='ltr'><strong>uuum</strong></span> <span class='ocrx_word' id='word_1_146' title='bbox 247 1538 327 1588; x_wconf 86' lang='lat' dir='ltr'><strong>beent</strong></span> <span class='ocrx_word' id='word_1_147' title='bbox 351 1536 468 1586; x_wconf 87' lang='lat' dir='ltr'><strong>dicebant</strong></span> <span class='ocrx_word' id='word_1_148' title='bbox 491 1536 538 1584; x_wconf 86' lang='lat' dir='ltr'><strong>sub</strong></span> <span class='ocrx_word' id='word_1_149' title='bbox 562 1534 654 1599; x_wconf 89' lang='lat' dir='ltr'><strong>triplici</strong></span> <span class='ocrx_word' id='word_1_150' title='bbox 683 1535 793 1584; x_wconf 85' lang='lat' dir='ltr'><strong>tremine.</strong></span> <span class='ocrx_word' id='word_1_151' title='bbox 811 1540 834 1583; x_wconf 73' lang='lat'><strong>2.</strong></span> <span class='ocrx_word' id='word_1_152' title='bbox 858 1535 962 1586; x_wconf 87' lang='lat' dir='ltr'><strong>Carnem</strong></span> 
     </span>
     <span class='ocr_line' id='line_1_22' title="bbox 142 1597 963 1660; baseline -0.005 -8"><span class='ocrx_word' id='word_1_153' title='bbox 142 1601 246 1652; x_wconf 86' lang='lat' dir='ltr'><strong>aiebant</strong></span> <span class='ocrx_word' id='word_1_154' title='bbox 273 1600 386 1650; x_wconf 85' lang='lat' dir='ltr'><strong>revenire</strong></span> <span class='ocrx_word' id='word_1_155' title='bbox 402 1614 418 1647; x_wconf 87' lang='lat' dir='ltr'><strong>a</strong></span> <span class='ocrx_word' id='word_1_156' title='bbox 434 1599 500 1647; x_wconf 93' lang='lat' dir='ltr'><strong>malo</strong></span> <span class='ocrx_word' id='word_1_157' title='bbox 515 1597 637 1660; x_wconf 90' lang='lat' dir='ltr'><strong>principio</strong></span> <span class='ocrx_word' id='word_1_158' title='bbox 654 1606 678 1645; x_wconf 92' lang='lat' dir='ltr'><strong>et</strong></span> <span class='ocrx_word' id='word_1_159' title='bbox 692 1611 747 1646; x_wconf 83' lang='lat' dir='ltr'><strong>esse</strong></span> <span class='ocrx_word' id='word_1_160' title='bbox 760 1598 792 1646; x_wconf 88' lang='lat' dir='ltr'><strong>de</strong></span> <span class='ocrx_word' id='word_1_161' title='bbox 813 1599 868 1660; x_wconf 82' lang='lat' dir='ltr'><strong>ejus</strong></span> <span class='ocrx_word' id='word_1_162' title='bbox 891 1598 963 1648; x_wconf 88' lang='lat' dir='ltr'><strong>subs·</strong></span> 
     </span>
     <span class='ocr_line' id='line_1_23' title="bbox 145 1615 962 1724; baseline -0.004 -11"><span class='ocrx_word' id='word_1_163' title='bbox 145 1664 231 1713; x_wconf 90' lang='lat' dir='ltr'><strong>tantia.</strong></span> <span class='ocrx_word' id='word_1_164' title='bbox 249 1615 406 1724; x_wconf 48' lang='lat' dir='ltr'><strong>&amp;eapropter</strong></span> <span class='ocrx_word' id='word_1_165' title='bbox 429 1661 457 1709; x_wconf 90' lang='lat' dir='ltr'><strong>in</strong></span> <span class='ocrx_word' id='word_1_166' title='bbox 478 1660 567 1723; x_wconf 89' lang='lat' dir='ltr'><strong>primis</strong></span> <span class='ocrx_word' id='word_1_167' title='bbox 589 1658 711 1721; x_wconf 86' lang='lat' dir='ltr'><strong>negabant</strong></span> <span class='ocrx_word' id='word_1_168' title='bbox 729 1659 857 1709; x_wconf 82' lang='lat' dir='ltr'><strong>Christum</strong></span> <span class='ocrx_word' id='word_1_169' title='bbox 879 1674 962 1710; x_wconf 84' lang='lat' dir='ltr'><strong>veram</strong></span> 
     </span>
     <span class='ocr_line' id='line_1_24' title="bbox 143 1722 962 1785; baseline -0.004 -9"><span class='ocrx_word' id='word_1_170' title='bbox 143 1739 244 1776; x_wconf 79' lang='grc'><strong>1111111111</strong></span> <span class='ocrx_word' id='word_1_171' title='bbox 260 1725 386 1784; x_wconf 85' lang='lat' dir='ltr'><strong>habuisse,</strong></span> <span class='ocrx_word' id='word_1_172' title='bbox 403 1736 431 1771; x_wconf 87' lang='lat' dir='ltr'><strong>ac</strong></span> <span class='ocrx_word' id='word_1_173' title='bbox 450 1723 553 1785; x_wconf 77' lang='lat' dir='ltr'><strong>proinde</strong></span> <span class='ocrx_word' id='word_1_174' title='bbox 571 1729 729 1771; x_wconf 84' lang='lat' dir='ltr'><strong>serenatum</strong></span> <span class='ocrx_word' id='word_1_175' title='bbox 750 1735 781 1769; x_wconf 82' lang='lat' dir='ltr'><strong>ex</strong></span> <span class='ocrx_word' id='word_1_176' title='bbox 804 1722 910 1784; x_wconf 84' lang='lat' dir='ltr'><strong>Virgine,</strong></span> <span class='ocrx_word' id='word_1_177' title='bbox 929 1737 962 1773; x_wconf 91' lang='lat' dir='ltr'><strong>ne</strong></span> 
     </span>
     <span class='ocr_line' id='line_1_25' title="bbox 143 1782 962 1850; baseline -0.001 -14"><span class='ocrx_word' id='word_1_178' title='bbox 143 1788 332 1850; x_wconf 87' lang='lat' dir='ltr'><strong>inquinaretur;</strong></span> <span class='ocrx_word' id='word_1_179' title='bbox 347 1798 429 1849; x_wconf 90' lang='lat' dir='ltr'><strong>neque</strong></span> <span class='ocrx_word' id='word_1_180' title='bbox 452 1798 509 1833; x_wconf 85' lang='lat' dir='ltr'><strong>vere</strong></span> <span class='ocrx_word' id='word_1_181' title='bbox 523 1798 635 1847; x_wconf 78' lang='lat' dir='ltr'><strong>passum.</strong></span> <span class='ocrx_word' id='word_1_182' title='bbox 656 1782 800 1833; x_wconf 85' lang='lat' dir='ltr'><strong>crnctllsum</strong></span> <span class='ocrx_word' id='word_1_183' title='bbox 829 1793 873 1833; x_wconf 88' lang='lat' dir='ltr'><strong>aut</strong></span> <span class='ocrx_word' id='word_1_184' title='bbox 895 1799 962 1835; x_wconf 89' lang='lat' dir='ltr'><strong>mer-</strong></span> 
     </span>
     <span class='ocr_line' id='line_1_26' title="bbox 144 1845 961 1908; baseline -0.001 -11"><span class='ocrx_word' id='word_1_185' title='bbox 144 1856 214 1898; x_wconf 90' lang='lat' dir='ltr'><strong>tuum</strong></span> <span class='ocrx_word' id='word_1_186' title='bbox 237 1849 361 1906; x_wconf 81' lang='lat' dir='ltr'><strong>dicebant,</strong></span> <span class='ocrx_word' id='word_1_187' title='bbox 377 1847 420 1896; x_wconf 87' lang='lat' dir='ltr'><strong>sed</strong></span> <span class='ocrx_word' id='word_1_188' title='bbox 435 1848 517 1895; x_wconf 90' lang='lat' dir='ltr'><strong>solnm</strong></span> <span class='ocrx_word' id='word_1_189' title='bbox 537 1853 684 1908; x_wconf 81' lang='lat' dir='ltr'><strong>apparenter</strong></span> <span class='ocrx_word' id='word_1_190' title='bbox 701 1852 726 1894; x_wconf 93' lang='lat' dir='ltr'><strong>et</strong></span> <span class='ocrx_word' id='word_1_191' title='bbox 747 1845 961 1905; x_wconf 90' lang='lat' dir='ltr'><strong>similitudinarie,</strong></span> 
     </span>
     <span class='ocr_line' id='line_1_27' title="bbox 143 1905 962 1972; baseline 0.001 -14"><span class='ocrx_word' id='word_1_192' title='bbox 143 1917 220 1971; x_wconf 87' lang='lat' dir='ltr'><strong>atque</strong></span> <span class='ocrx_word' id='word_1_193' title='bbox 234 1911 289 1972; x_wconf 78' lang='lat' dir='ltr'><strong>ptari</strong></span> <span class='ocrx_word' id='word_1_194' title='bbox 303 1911 384 1957; x_wconf 89' lang='lat' dir='ltr'><strong>selum</strong></span> <span class='ocrx_word' id='word_1_195' title='bbox 400 1910 474 1956; x_wconf 87' lang='lat' dir='ltr'><strong>tuedo</strong></span> <span class='ocrx_word' id='word_1_196' title='bbox 488 1908 666 1956; x_wconf 84' lang='lat' dir='ltr'><strong>ressuresissc.</strong></span> <span class='ocrx_word' id='word_1_197' title='bbox 685 1910 708 1954; x_wconf 80' lang='lat'><strong>³.</strong></span> <span class='ocrx_word' id='word_1_198' title='bbox 728 1905 794 1955; x_wconf 84' lang='lat' dir='ltr'><strong>beas</strong></span> <span class='ocrx_word' id='word_1_199' title='bbox 804 1908 848 1956; x_wconf 87' lang='lat' dir='ltr'><strong>uni</strong></span> <span class='ocrx_word' id='word_1_200' title='bbox 862 1923 904 1958; x_wconf 90' lang='lat' dir='ltr'><strong>cer</strong></span> <span class='ocrx_word' id='word_1_201' title='bbox 940 1910 962 1958; x_wconf 93' lang='lat' dir='ltr'><strong>ri</strong></span> 
     </span>
     <span class='ocr_line' id='line_1_28' title="bbox 143 1968 959 2034; baseline 0.001 -15"><span class='ocrx_word' id='word_1_202' title='bbox 143 1970 271 2034; x_wconf 85' lang='lat' dir='ltr'><strong>lingebant</strong></span> <span class='ocrx_word' id='word_1_203' title='bbox 285 1973 382 2020; x_wconf 83' lang='lat' dir='ltr'><strong>auinias</strong></span> <span class='ocrx_word' id='word_1_204' title='bbox 399 1969 517 2026; x_wconf 86' lang='lat' dir='ltr'><strong>insidere,</strong></span> <span class='ocrx_word' id='word_1_205' title='bbox 534 1969 639 2017; x_wconf 87' lang='lat' dir='ltr'><strong>alteram</strong></span> <span class='ocrx_word' id='word_1_206' title='bbox 654 1968 748 2018; x_wconf 89' lang='lat' dir='ltr'><strong>bonam</strong></span> <span class='ocrx_word' id='word_1_207' title='bbox 762 1976 787 2017; x_wconf 90' lang='lat' dir='ltr'><strong>et</strong></span> <span class='ocrx_word' id='word_1_208' title='bbox 802 1970 900 2020; x_wconf 85' lang='lat' dir='ltr'><strong>ratione</strong></span> <span class='ocrx_word' id='word_1_209' title='bbox 911 1986 959 2031; x_wconf 88' lang='lat' dir='ltr'><strong>em,</strong></span> 
     </span>
     <span class='ocr_line' id='line_1_29' title="bbox 143 2031 962 2095; baseline 0 -13"><span class='ocrx_word' id='word_1_210' title='bbox 143 2047 160 2081; x_wconf 90' lang='lat' dir='ltr'><strong>a</strong></span> <span class='ocrx_word' id='word_1_211' title='bbox 175 2032 242 2082; x_wconf 93' lang='lat' dir='ltr'><strong>bono</strong></span> <span class='ocrx_word' id='word_1_212' title='bbox 259 2033 381 2095; x_wconf 85' lang='lat' dir='ltr'><strong>principio</strong></span> <span class='ocrx_word' id='word_1_213' title='bbox 395 2031 565 2087; x_wconf 72' lang='lat' dir='ltr'><strong>ellorniatam3</strong></span> <span class='ocrx_word' id='word_1_214' title='bbox 579 2031 684 2079; x_wconf 85' lang='lat' dir='ltr'><strong>alterans</strong></span> <span class='ocrx_word' id='word_1_215' title='bbox 708 2031 801 2080; x_wconf 89' lang='lat' dir='ltr'><strong>malam</strong></span> <span class='ocrx_word' id='word_1_216' title='bbox 822 2040 847 2080; x_wconf 92' lang='lat' dir='ltr'><strong>et</strong></span> <span class='ocrx_word' id='word_1_217' title='bbox 867 2034 962 2082; x_wconf 91' lang='lat' dir='ltr'><strong>anima·</strong></span> 
     </span>
     <span class='ocr_line' id='line_1_30' title="bbox 142 2092 962 2157; baseline 0.004 -14"><span class='ocrx_word' id='word_1_218' title='bbox 142 2094 193 2145; x_wconf 88' lang='lat' dir='ltr'><strong>lem</strong></span> <span class='ocrx_word' id='word_1_219' title='bbox 223 2094 315 2157; x_wconf 88' lang='lat' dir='ltr'><strong>pariter</strong></span> <span class='ocrx_word' id='word_1_220' title='bbox 340 2093 450 2142; x_wconf 86' lang='lat' dir='ltr'><strong>ellectam</strong></span> <span class='ocrx_word' id='word_1_221' title='bbox 480 2107 497 2140; x_wconf 93' lang='lat' dir='ltr'><strong>a</strong></span> <span class='ocrx_word' id='word_1_222' title='bbox 517 2095 582 2142; x_wconf 90' lang='lat' dir='ltr'><strong>male</strong></span> <span class='ocrx_word' id='word_1_223' title='bbox 605 2092 735 2155; x_wconf 90' lang='lat' dir='ltr'><strong>principio.</strong></span> <span class='ocrx_word' id='word_1_224' title='bbox 755 2097 782 2141; x_wconf 87' lang='lat' dir='ltr'><strong>t.</strong></span> <span class='ocrx_word' id='word_1_225' title='bbox 814 2093 962 2146; x_wconf 78' lang='lat' dir='ltr'><strong>herimarum</strong></span> 
     </span>
     <span class='ocr_line' id='line_1_31' title="bbox 142 2154 962 2219; baseline 0.001 -13"><span class='ocrx_word' id='word_1_226' title='bbox 142 2155 371 2219; x_wconf 79' lang='lat' dir='ltr'><strong>metempsychosin</strong></span> <span class='ocrx_word' id='word_1_227' title='bbox 401 2154 556 2203; x_wconf 89' lang='lat' dir='ltr'><strong>asserebant.</strong></span> <span class='ocrx_word' id='word_1_228' title='bbox 588 2158 611 2202; x_wconf 80' lang='lat'><strong>5.</strong></span> <span class='ocrx_word' id='word_1_229' title='bbox 636 2154 702 2202; x_wconf 84' lang='lat' dir='ltr'><strong>hiala</strong></span> <span class='ocrx_word' id='word_1_230' title='bbox 728 2154 808 2216; x_wconf 83' lang='lat' dir='ltr'><strong>eulpa</strong></span> <span class='ocrx_word' id='word_1_231' title='bbox 839 2154 962 2219; x_wconf 75' lang='lat' dir='ltr'><strong>degebant</strong></span> 
     </span>
     <span class='ocr_line' id='line_1_32' title="bbox 141 2216 963 2282; baseline 0.001 -14"><span class='ocrx_word' id='word_1_232' title='bbox 141 2233 197 2268; x_wconf 88' lang='lat' dir='ltr'><strong>esse</strong></span> <span class='ocrx_word' id='word_1_233' title='bbox 211 2217 346 2268; x_wconf 86' lang='lat' dir='ltr'><strong>tribuenda</strong></span> <span class='ocrx_word' id='word_1_234' title='bbox 358 2216 435 2265; x_wconf 89' lang='lat' dir='ltr'><strong>libero</strong></span> <span class='ocrx_word' id='word_1_235' title='bbox 451 2216 562 2264; x_wconf 88' lang='lat' dir='ltr'><strong>hominis</strong></span> <span class='ocrx_word' id='word_1_236' title='bbox 579 2216 697 2271; x_wconf 82' lang='lat' dir='ltr'><strong>arbitrio:</strong></span> <span class='ocrx_word' id='word_1_237' title='bbox 715 2230 756 2276; x_wconf 89' lang='lat' dir='ltr'><strong>ne,</strong></span> <span class='ocrx_word' id='word_1_238' title='bbox 774 2230 831 2267; x_wconf 90' lang='lat' dir='ltr'><strong>cum</strong></span> <span class='ocrx_word' id='word_1_239' title='bbox 846 2219 894 2268; x_wconf 90' lang='lat' dir='ltr'><strong>hoc</strong></span> <span class='ocrx_word' id='word_1_240' title='bbox 907 2233 963 2282; x_wconf 88' lang='lat' dir='ltr'><strong>pro-</strong></span> 
     </span>
     <span class='ocr_line' id='line_1_33' title="bbox 141 2277 961 2342; baseline -0.001 -12"><span class='ocrx_word' id='word_1_241' title='bbox 141 2282 211 2331; x_wconf 92' lang='lat' dir='ltr'><strong>cedat</strong></span> <span class='ocrx_word' id='word_1_242' title='bbox 226 2296 241 2329; x_wconf 92' lang='lat' dir='ltr'><strong>a</strong></span> <span class='ocrx_word' id='word_1_243' title='bbox 257 2280 316 2339; x_wconf 87' lang='lat' dir='ltr'><strong>beo,</strong></span> <span class='ocrx_word' id='word_1_244' title='bbox 334 2279 374 2327; x_wconf 94' lang='lat' dir='ltr'><strong>hic</strong></span> <span class='ocrx_word' id='word_1_245' title='bbox 387 2279 480 2340; x_wconf 88' lang='lat' dir='ltr'><strong>pariter</strong></span> <span class='ocrx_word' id='word_1_246' title='bbox 493 2279 526 2326; x_wconf 92' lang='lat' dir='ltr'><strong>sit</strong></span> <span class='ocrx_word' id='word_1_247' title='bbox 543 2286 628 2327; x_wconf 89' lang='lat' dir='ltr'><strong>auctor</strong></span> <span class='ocrx_word' id='word_1_248' title='bbox 644 2277 726 2326; x_wconf 90' lang='lat' dir='ltr'><strong>illins.</strong></span> <span class='ocrx_word' id='word_1_249' title='bbox 752 2279 799 2329; x_wconf 89' lang='lat' dir='ltr'><strong>llle</strong></span> <span class='ocrx_word' id='word_1_250' title='bbox 816 2280 892 2342; x_wconf 88' lang='lat' dir='ltr'><strong>igitur</strong></span> <span class='ocrx_word' id='word_1_251' title='bbox 916 2283 961 2331; x_wconf 90' lang='lat' dir='ltr'><strong>tri·</strong></span> 
     </span>
     <span class='ocr_line' id='line_1_34' title="bbox 141 2338 961 2404; baseline 0.001 -12"><span class='ocrx_word' id='word_1_252' title='bbox 141 2341 252 2392; x_wconf 89' lang='lat' dir='ltr'><strong>buobaat</strong></span> <span class='ocrx_word' id='word_1_253' title='bbox 265 2343 365 2401; x_wconf 76' lang='lat' dir='ltr'><strong>areima,</strong></span> <span class='ocrx_word' id='word_1_254' title='bbox 382 2349 474 2389; x_wconf 87' lang='lat' dir='ltr'><strong>natura</strong></span> <span class='ocrx_word' id='word_1_255' title='bbox 489 2354 538 2390; x_wconf 87' lang='lat' dir='ltr'><strong>sna</strong></span> <span class='ocrx_word' id='word_1_256' title='bbox 551 2340 632 2400; x_wconf 79' lang='lat' dir='ltr'><strong>malae,</strong></span> <span class='ocrx_word' id='word_1_257' title='bbox 647 2354 698 2404; x_wconf 89' lang='lat' dir='ltr'><strong>qua</strong></span> <span class='ocrx_word' id='word_1_258' title='bbox 714 2338 748 2389; x_wconf 83' lang='lat' dir='ltr'><strong>ed</strong></span> <span class='ocrx_word' id='word_1_259' title='bbox 762 2340 807 2391; x_wconf 92' lang='lat' dir='ltr'><strong>illa</strong></span> <span class='ocrx_word' id='word_1_260' title='bbox 826 2343 865 2393; x_wconf 86' lang='lat' dir='ltr'><strong>vel</strong></span> <span class='ocrx_word' id='word_1_261' title='bbox 884 2342 961 2393; x_wconf 86' lang='lat' dir='ltr'><strong>insite</strong></span> 
     </span>
     <span class='ocr_line' id='line_1_35' title="bbox 140 2411 387 2469; baseline -0.016 -15"><span class='ocrx_word' id='word_1_262' title='bbox 140 2413 248 2469; x_wconf 88' lang='lat' dir='ltr'><strong>cogeret,</strong></span> <span class='ocrx_word' id='word_1_263' title='bbox 262 2411 324 2463; x_wconf 89' lang='lat' dir='ltr'><strong>etc.‚</strong></span> <span class='ocrx_word' id='word_1_264' title='bbox 341 2412 387 2452; x_wconf 91' lang='lat' dir='ltr'><strong>etc.</strong></span> 
     </span>
    </p>
   </div>
   <div class='ocr_carea' id='block_1_5' title="bbox 169 2502 962 2644">
    <p class='ocr_par' dir='ltr' id='par_1_5' title="bbox 169 2502 962 2644">
     <span class='ocr_line' id='line_1_36' title="bbox 406 2502 695 2559; baseline 0 -3"><span class='ocrx_word' id='word_1_265' title='bbox 406 2502 527 2558; x_wconf 81' lang='lat' dir='ltr'><strong>llereses</strong></span> <span class='ocrx_word' id='word_1_266' title='bbox 541 2502 642 2559; x_wconf 78' lang='lat' dir='ltr'><strong>steneli</strong></span> <span class='ocrx_word' id='word_1_267' title='bbox 655 2518 695 2557; x_wconf 87' lang='lat' dir='ltr'><strong>tv.</strong></span> 
     </span>
     <span class='ocr_line' id='line_1_37' title="bbox 169 2587 962 2644; baseline 0.005 -4"><span class='ocrx_word' id='word_1_268' title='bbox 169 2588 318 2640; x_wconf 83' lang='lat' dir='ltr'><strong>busartsrsr</strong></span> <span class='ocrx_word' id='word_1_269' title='bbox 333 2587 372 2637; x_wconf 85' lang='lat' dir='ltr'><strong>vol</strong></span> <span class='ocrx_word' id='word_1_270' title='bbox 387 2587 535 2637; x_wconf 77' lang='grc'><strong>1111111111.</strong></span> <span class='ocrx_word' id='word_1_271' title='bbox 553 2615 585 2625; x_wconf 93' lang='grc'>-</span> <span class='ocrx_word' id='word_1_272' title='bbox 598 2589 692 2639; x_wconf 84' lang='lat' dir='ltr'><strong>Nuriien</strong></span> <span class='ocrx_word' id='word_1_273' title='bbox 708 2599 732 2639; x_wconf 89' lang='lat' dir='ltr'><strong>et</strong></span> <span class='ocrx_word' id='word_1_274' title='bbox 742 2605 838 2642; x_wconf 87' lang='lat' dir='ltr'><strong>errores</strong></span> <span class='ocrx_word' id='word_1_275' title='bbox 856 2592 962 2644; x_wconf 90' lang='lat' dir='ltr'><strong>hausere</strong></span> 
     </span>
    </p>
   </div>
   <div class='ocr_carea' id='block_1_6' title="bbox 136 2650 962 2780">
    <p class='ocr_par' dir='ltr' id='par_1_6' title="bbox 136 2650 962 2780">
     <span class='ocr_line' id='line_1_38' title="bbox 136 2650 962 2714; baseline 0.004 -11"><span class='ocrx_word' id='word_1_276' title='bbox 136 2667 153 2702; x_wconf 85' lang='lat' dir='ltr'><strong>a</strong></span> <span class='ocrx_word' id='word_1_277' title='bbox 169 2652 267 2703; x_wconf 90' lang='lat' dir='ltr'><strong>duobus</strong></span> <span class='ocrx_word' id='word_1_278' title='bbox 279 2650 393 2711; x_wconf 84' lang='lat' dir='ltr'><strong>benetie,</strong></span> <span class='ocrx_word' id='word_1_279' title='bbox 411 2652 489 2699; x_wconf 84' lang='lat' dir='ltr'><strong>altero</strong></span> <span class='ocrx_word' id='word_1_280' title='bbox 506 2652 775 2714; x_wconf 82' lang='lat' dir='ltr'><strong>Casarurn-b&#39;igrarum</strong></span> <span class='ocrx_word' id='word_1_281' title='bbox 797 2656 821 2703; x_wconf 92' lang='lat' dir='ltr'><strong>in</strong></span> <span class='ocrx_word' id='word_1_282' title='bbox 842 2655 962 2706; x_wconf 83' lang='lat' dir='ltr'><strong>Numidia</strong></span> 
     </span>
     <span class='ocr_line' id='line_1_39' title="bbox 136 2714 959 2780; baseline 0.005 -17"><span class='ocrx_word' id='word_1_283' title='bbox 136 2715 265 2777; x_wconf 86' lang='lat' dir='ltr'><strong>episcopo,</strong></span> <span class='ocrx_word' id='word_1_284' title='bbox 280 2714 353 2763; x_wconf 89' lang='lat' dir='ltr'><strong>velut</strong></span> <span class='ocrx_word' id='word_1_285' title='bbox 373 2721 494 2770; x_wconf 89' lang='lat' dir='ltr'><strong>auctore;</strong></span> <span class='ocrx_word' id='word_1_286' title='bbox 522 2714 602 2762; x_wconf 89' lang='lat' dir='ltr'><strong>altare</strong></span> <span class='ocrx_word' id='word_1_287' title='bbox 622 2715 742 2777; x_wconf 84' lang='lat' dir='ltr'><strong>episeopo</strong></span> <span class='ocrx_word' id='word_1_288' title='bbox 762 2717 959 2780; x_wconf 74' lang='lat' dir='ltr'><strong>Carthaginensi,</strong></span> 
     </span>
    </p>
   </div>
   <div class='ocr_carea' id='block_1_7' title="bbox 135 2774 968 2843">
    <p class='ocr_par' dir='ltr' id='par_1_7' title="bbox 135 2774 968 2843">
     <span class='ocr_line' id='line_1_40' title="bbox 135 2774 968 2843; baseline 0.006 -18"><span class='ocrx_word' id='word_1_289' title='bbox 135 2778 206 2826; x_wconf 87' lang='lat' dir='ltr'><strong>velut</strong></span> <span class='ocrx_word' id='word_1_290' title='bbox 219 2782 370 2840; x_wconf 88' lang='lat' dir='ltr'><strong>promotore.</strong></span> <span class='ocrx_word' id='word_1_291' title='bbox 388 2774 512 2836; x_wconf 78' lang='lat' dir='ltr'><strong>Xraecipni</strong></span> <span class='ocrx_word' id='word_1_292' title='bbox 529 2776 630 2825; x_wconf 86' lang='lat' dir='ltr'><strong>illornni</strong></span> <span class='ocrx_word' id='word_1_293' title='bbox 648 2790 745 2826; x_wconf 90' lang='lat' dir='ltr'><strong>errores</strong></span> <span class='ocrx_word' id='word_1_294' title='bbox 769 2786 827 2827; x_wconf 83' lang='grc'><strong>111111</strong></span> <span class='ocrx_word' id='word_1_295' title='bbox 854 2793 968 2843; x_wconf 55' lang='lat' dir='ltr'><strong>sequens</strong></span> 
     </span>
    </p>
   </div>
   <div class='ocr_carea' id='block_1_8' title="bbox 133 2838 961 3152">
    <p class='ocr_par' dir='ltr' id='par_1_8' title="bbox 133 2838 961 3152">
     <span class='ocr_line' id='line_1_41' title="bbox 135 2838 961 2899; baseline 0.006 -12"><span class='ocrx_word' id='word_1_296' title='bbox 135 2846 183 2887; x_wconf 90' lang='lat' dir='ltr'><strong>tes:</strong></span> <span class='ocrx_word' id='word_1_297' title='bbox 207 2843 230 2887; x_wconf 96' lang='grc'><strong>1.</strong></span> <span class='ocrx_word' id='word_1_298' title='bbox 259 2838 398 2887; x_wconf 70' lang='lat' dir='ltr'><strong>Ecclesiam</strong></span> <span class='ocrx_word' id='word_1_299' title='bbox 424 2850 598 2899; x_wconf 87' lang='lat' dir='ltr'><strong>perversorum</strong></span> <span class='ocrx_word' id='word_1_300' title='bbox 622 2839 797 2889; x_wconf 85' lang='lat' dir='ltr'><strong>cnmrnuninue</strong></span> <span class='ocrx_word' id='word_1_301' title='bbox 821 2848 872 2890; x_wconf 91' lang='lat' dir='ltr'><strong>toto</strong></span> <span class='ocrx_word' id='word_1_302' title='bbox 900 2844 961 2893; x_wconf 89' lang='lat' dir='ltr'><strong>orbe</strong></span> 
     </span>
     <span class='ocr_line' id='line_1_42' title="bbox 134 2898 958 2963; baseline 0.005 -14"><span class='ocrx_word' id='word_1_303' title='bbox 134 2906 255 2949; x_wconf 86' lang='lat' dir='ltr'><strong>terrarum</strong></span> <span class='ocrx_word' id='word_1_304' title='bbox 275 2900 379 2963; x_wconf 87' lang='lat' dir='ltr'><strong>periisse</strong></span> <span class='ocrx_word' id='word_1_305' title='bbox 403 2898 594 2953; x_wconf 76' lang='lat' dir='ltr'><strong>contendebant.</strong></span> <span class='ocrx_word' id='word_1_306' title='bbox 614 2910 637 2948; x_wconf 90' lang='lat' dir='ltr'><strong>et</strong></span> <span class='ocrx_word' id='word_1_307' title='bbox 663 2901 688 2948; x_wconf 92' lang='lat' dir='ltr'><strong>id</strong></span> <span class='ocrx_word' id='word_1_308' title='bbox 715 2903 767 2950; x_wconf 89' lang='lat' dir='ltr'><strong>sela</strong></span> <span class='ocrx_word' id='word_1_309' title='bbox 794 2903 958 2953; x_wconf 82' lang='lat' dir='ltr'><strong>hlricainter</strong></span> 
     </span>
     <span class='ocr_line' id='line_1_43' title="bbox 133 2960 955 3021; baseline 0.007 -11"><span class='ocrx_word' id='word_1_310' title='bbox 133 2961 276 3010; x_wconf 78' lang='lat' dir='ltr'><strong>Donatistae</strong></span> <span class='ocrx_word' id='word_1_311' title='bbox 295 2960 457 3010; x_wconf 85' lang='lat' dir='ltr'><strong>remansisse.</strong></span> <span class='ocrx_word' id='word_1_312' title='bbox 476 2960 537 3008; x_wconf 90' lang='lat' dir='ltr'><strong>Cum</strong></span> <span class='ocrx_word' id='word_1_313' title='bbox 559 2975 618 3009; x_wconf 91' lang='lat' dir='ltr'><strong>vero</strong></span> <span class='ocrx_word' id='word_1_314' title='bbox 641 2962 839 3021; x_wconf 75' lang='lat' dir='ltr'><strong>considerarent.</strong></span> <span class='ocrx_word' id='word_1_315' title='bbox 869 2980 955 3017; x_wconf 88' lang='lat' dir='ltr'><strong>veram</strong></span> 
     </span>
     <span class='ocr_line' id='line_1_44' title="bbox 133 3023 954 3089; baseline 0.006 -17"><span class='ocrx_word' id='word_1_316' title='bbox 133 3023 271 3074; x_wconf 88' lang='lat' dir='ltr'><strong>Ecclesiam</strong></span> <span class='ocrx_word' id='word_1_317' title='bbox 288 3037 338 3071; x_wconf 94' lang='lat' dir='ltr'><strong>non</strong></span> <span class='ocrx_word' id='word_1_318' title='bbox 353 3024 489 3071; x_wconf 82' lang='lat' dir='ltr'><strong>consistere</strong></span> <span class='ocrx_word' id='word_1_319' title='bbox 504 3023 558 3072; x_wconf 87' lang='lat' dir='ltr'><strong>sine</strong></span> <span class='ocrx_word' id='word_1_320' title='bbox 571 3024 748 3073; x_wconf 86' lang='lat' dir='ltr'><strong>cnsnmuuione</strong></span> <span class='ocrx_word' id='word_1_321' title='bbox 758 3040 814 3076; x_wconf 91' lang='lat' dir='ltr'><strong>cnm</strong></span> <span class='ocrx_word' id='word_1_322' title='bbox 832 3026 954 3089; x_wconf 83' lang='lat' dir='ltr'><strong>Romana,</strong></span> 
     </span>
     <span class='ocr_line' id='line_1_45' title="bbox 134 3084 954 3152; baseline 0.007 -17"><span class='ocrx_word' id='word_1_323' title='bbox 134 3086 240 3135; x_wconf 79' lang='lat' dir='ltr'><strong>Ruinam</strong></span> <span class='ocrx_word' id='word_1_324' title='bbox 270 3084 379 3146; x_wconf 86' lang='lat' dir='ltr'><strong>aliquem</strong></span> <span class='ocrx_word' id='word_1_325' title='bbox 406 3099 436 3132; x_wconf 84' lang='lat' dir='ltr'><strong>es</strong></span> <span class='ocrx_word' id='word_1_326' title='bbox 463 3085 516 3133; x_wconf 89' lang='lat' dir='ltr'><strong>suis</strong></span> <span class='ocrx_word' id='word_1_327' title='bbox 540 3094 635 3135; x_wconf 88' lang='lat' dir='ltr'><strong>secreto</strong></span> <span class='ocrx_word' id='word_1_328' title='bbox 662 3086 801 3147; x_wconf 85' lang='lat' dir='ltr'><strong>mittebant,</strong></span> <span class='ocrx_word' id='word_1_329' title='bbox 828 3091 872 3152; x_wconf 91' lang='lat' dir='ltr'><strong>qui</strong></span> <span class='ocrx_word' id='word_1_330' title='bbox 903 3106 954 3140; x_wconf 78' lang='lat' dir='ltr'><strong>sua</strong></span> 
     </span>
    </p>
   </div>
   <div class='ocr_carea' id='block_1_9' title="bbox 132 3146 954 3262">
    <p class='ocr_par' dir='ltr' id='par_1_9' title="bbox 132 3146 954 3262">
     <span class='ocr_line' id='line_1_46' title="bbox 132 3146 954 3262; baseline 0.009 -66"><span class='ocrx_word' id='word_1_331' title='bbox 132 3147 249 3196; x_wconf 80' lang='lat' dir='ltr'><strong>lectionis</strong></span> <span class='ocrx_word' id='word_1_332' title='bbox 290 3147 403 3194; x_wconf 84' lang='lat' dir='ltr'><strong>hemines</strong></span> <span class='ocrx_word' id='word_1_333' title='bbox 442 3146 536 3196; x_wconf 87' lang='lat' dir='ltr'><strong>ibidem</strong></span> <span class='ocrx_word' id='word_1_334' title='bbox 574 3147 689 3209; x_wconf 76' lang='lat' dir='ltr'><strong>degentes</strong></span> <span class='ocrx_word' id='word_1_335' title='bbox 718 3152 787 3199; x_wconf 77' lang='lat' dir='ltr'><strong>velen</strong></span> <span class='ocrx_word' id='word_1_336' title='bbox 823 3155 954 3262; x_wconf 86' lang='lat' dir='ltr'><strong>episcopus</strong></span> 
     </span>
    </p>
   </div>
   <div class='ocr_carea' id='block_1_10' title="bbox 91 3208 957 5751">
    <p class='ocr_par' dir='ltr' id='par_1_10' title="bbox 149 3208 908 3270">
     <span class='ocr_line' id='line_1_47' title="bbox 149 3208 908 3270; baseline 0.004 -12"><span class='ocrx_word' id='word_1_337' title='bbox 149 3209 289 3258; x_wconf 86' lang='lat' dir='ltr'><strong>uberuaret.</strong></span> <span class='ocrx_word' id='word_1_338' title='bbox 308 3211 331 3257; x_wconf 74' lang='lat'><strong>2.</strong></span> <span class='ocrx_word' id='word_1_339' title='bbox 352 3208 384 3256; x_wconf 79' lang='lat' dir='ltr'><strong>lit·</strong></span> <span class='ocrx_word' id='word_1_340' title='bbox 402 3208 483 3268; x_wconf 72' lang='lat' dir='ltr'><strong>teristro</strong></span> <span class='ocrx_word' id='word_1_341' title='bbox 499 3209 545 3258; x_wconf 93' lang='lat' dir='ltr'><strong>illo</strong></span> <span class='ocrx_word' id='word_1_342' title='bbox 571 3223 653 3270; x_wconf 88' lang='lat' dir='ltr'><strong>errqre</strong></span> <span class='ocrx_word' id='word_1_343' title='bbox 678 3211 745 3258; x_wconf 82' lang='lat' dir='ltr'><strong>lanne</strong></span> <span class='ocrx_word' id='word_1_344' title='bbox 769 3212 846 3260; x_wconf 85' lang='lat' dir='ltr'><strong>alium</strong></span> <span class='ocrx_word' id='word_1_345' title='bbox 872 3221 908 3262; x_wconf 91' lang='lat' dir='ltr'><strong>tra</strong></span> 
     </span>
    </p>

    <p class='ocr_par' dir='ltr' id='par_1_11' title="bbox 132 3224 955 3339">
     <span class='ocr_line' id='line_1_48' title="bbox 132 3224 955 3339; baseline 0.005 -18"><span class='ocrx_word' id='word_1_346' title='bbox 132 3224 210 3321; x_wconf 55' lang='lat' dir='ltr'><strong>iant:</strong></span> <span class='ocrx_word' id='word_1_347' title='bbox 225 3270 299 3319; x_wconf 91' lang='lat' dir='ltr'><strong>illum</strong></span> <span class='ocrx_word' id='word_1_348' title='bbox 322 3268 482 3319; x_wconf 88' lang='lat' dir='ltr'><strong>solummedo</strong></span> <span class='ocrx_word' id='word_1_349' title='bbox 512 3271 666 3332; x_wconf 84' lang='lat' dir='ltr'><strong>baptismum</strong></span> <span class='ocrx_word' id='word_1_350' title='bbox 687 3284 743 3320; x_wconf 82' lang='lat' dir='ltr'><strong>esse</strong></span> <span class='ocrx_word' id='word_1_351' title='bbox 764 3274 884 3332; x_wconf 84' lang='lat' dir='ltr'><strong>validum,</strong></span> <span class='ocrx_word' id='word_1_352' title='bbox 910 3277 955 3339; x_wconf 91' lang='lat' dir='ltr'><strong>qni</strong></span> 
     </span>
    </p>

    <p class='ocr_par' dir='ltr' id='par_1_12' title="bbox 131 3331 954 3444">
     <span class='ocr_line' id='line_1_49' title="bbox 131 3331 954 3444; baseline 0.005 -61"><span class='ocrx_word' id='word_1_353' title='bbox 131 3332 201 3444; x_wconf 79' lang='lat' dir='ltr'><strong>epod</strong></span> <span class='ocrx_word' id='word_1_354' title='bbox 218 3331 290 3395; x_wconf 88' lang='lat' dir='ltr'><strong>ipsas</strong></span> <span class='ocrx_word' id='word_1_355' title='bbox 300 3333 465 3402; x_wconf 58' lang='lat' dir='ltr'><strong>consternatum</strong></span> <span class='ocrx_word' id='word_1_356' title='bbox 474 3340 634 3396; x_wconf 87' lang='lat' dir='ltr'><strong>quapropter,</strong></span> <span class='ocrx_word' id='word_1_357' title='bbox 644 3333 666 3381; x_wconf 88' lang='lat' dir='ltr'><strong>si</strong></span> <span class='ocrx_word' id='word_1_358' title='bbox 676 3332 860 3384; x_wconf 87' lang='lat' dir='ltr'><strong>Catholicerum</strong></span> <span class='ocrx_word' id='word_1_359' title='bbox 875 3338 954 3401; x_wconf 83' lang='lat' dir='ltr'><strong>aliqui</strong></span> 
     </span>
    </p>

    <p class='ocr_par' dir='ltr' id='par_1_13' title="bbox 128 3394 955 3702">
     <span class='ocr_line' id='line_1_50' title="bbox 130 3394 953 3456; baseline 0.006 -12"><span class='ocrx_word' id='word_1_360' title='bbox 130 3410 145 3444; x_wconf 89' lang='lat' dir='ltr'><strong>a</strong></span> <span class='ocrx_word' id='word_1_361' title='bbox 174 3408 217 3444; x_wconf 89' lang='lat' dir='ltr'><strong>ees</strong></span> <span class='ocrx_word' id='word_1_362' title='bbox 232 3394 374 3452; x_wconf 84' lang='lat' dir='ltr'><strong>delicerent,</strong></span> <span class='ocrx_word' id='word_1_363' title='bbox 393 3395 449 3443; x_wconf 82' lang='lat' dir='ltr'><strong>illes</strong></span> <span class='ocrx_word' id='word_1_364' title='bbox 473 3394 665 3456; x_wconf 81' lang='lat' dir='ltr'><strong>rebaptizabant.</strong></span> <span class='ocrx_word' id='word_1_365' title='bbox 692 3400 714 3443; x_wconf 81' lang='lat'><strong>5.</strong></span> <span class='ocrx_word' id='word_1_366' title='bbox 744 3395 829 3446; x_wconf 74' lang='lat' dir='ltr'><strong>l&#39;lures</strong></span> <span class='ocrx_word' id='word_1_367' title='bbox 853 3399 953 3450; x_wconf 88' lang='lat' dir='ltr'><strong>illorum</strong></span> 
     </span>
     <span class='ocr_line' id='line_1_51' title="bbox 130 3455 954 3528; baseline 0.007 -23"><span class='ocrx_word' id='word_1_368' title='bbox 130 3464 253 3528; x_wconf 77' lang='lat' dir='ltr'><strong>praetextu</strong></span> <span class='ocrx_word' id='word_1_369' title='bbox 268 3455 390 3518; x_wconf 85' lang='lat' dir='ltr'><strong>martyrii,</strong></span> <span class='ocrx_word' id='word_1_370' title='bbox 418 3465 507 3518; x_wconf 86' lang='lat' dir='ltr'><strong>sponte</strong></span> <span class='ocrx_word' id='word_1_371' title='bbox 529 3457 586 3504; x_wconf 89' lang='lat' dir='ltr'><strong>aliis</strong></span> <span class='ocrx_word' id='word_1_372' title='bbox 604 3470 631 3503; x_wconf 90' lang='lat' dir='ltr'><strong>se</strong></span> <span class='ocrx_word' id='word_1_373' title='bbox 654 3457 796 3507; x_wconf 81' lang='lat' dir='ltr'><strong>occidentes</strong></span> <span class='ocrx_word' id='word_1_374' title='bbox 816 3462 954 3524; x_wconf 87' lang='lat' dir='ltr'><strong>tradebant,</strong></span> 
     </span>
     <span class='ocr_line' id='line_1_52' title="bbox 129 3517 955 3580; baseline 0.01 -14"><span class='ocrx_word' id='word_1_375' title='bbox 129 3533 181 3570; x_wconf 90' lang='lat' dir='ltr'><strong>smc</strong></span> <span class='ocrx_word' id='word_1_376' title='bbox 197 3518 247 3566; x_wconf 90' lang='lat' dir='ltr'><strong>sibi</strong></span> <span class='ocrx_word' id='word_1_377' title='bbox 261 3519 322 3579; x_wconf 76' lang='lat' dir='ltr'><strong>ip=is</strong></span> <span class='ocrx_word' id='word_1_378' title='bbox 340 3517 465 3565; x_wconf 89' lang='lat' dir='ltr'><strong>violentas</strong></span> <span class='ocrx_word' id='word_1_379' title='bbox 479 3530 570 3565; x_wconf 83' lang='lat' dir='ltr'><strong>manns</strong></span> <span class='ocrx_word' id='word_1_380' title='bbox 590 3518 732 3579; x_wconf 77' lang='lat' dir='ltr'><strong>[requenter</strong></span> <span class='ocrx_word' id='word_1_381' title='bbox 754 3521 904 3580; x_wconf 77' lang='lat' dir='ltr'><strong>inferebant,</strong></span> <span class='ocrx_word' id='word_1_382' title='bbox 932 3532 955 3574; x_wconf 86' lang='lat' dir='ltr'><strong>et</strong></span> 
     </span>
     <span class='ocr_line' id='line_1_53' title="bbox 129 3577 954 3650; baseline 0.01 -21"><span class='ocrx_word' id='word_1_383' title='bbox 129 3580 167 3630; x_wconf 92' lang='lat' dir='ltr'><strong>ita</strong></span> <span class='ocrx_word' id='word_1_384' title='bbox 183 3593 209 3627; x_wconf 89' lang='lat' dir='ltr'><strong>se</strong></span> <span class='ocrx_word' id='word_1_385' title='bbox 220 3589 345 3641; x_wconf 79' lang='lat' dir='ltr'><strong>martyres</strong></span> <span class='ocrx_word' id='word_1_386' title='bbox 356 3578 513 3639; x_wconf 85' lang='lat' dir='ltr'><strong>jactitabant.</strong></span> <span class='ocrx_word' id='word_1_387' title='bbox 530 3577 579 3636; x_wconf 79' lang='lat' dir='ltr'><strong>Qui</strong></span> <span class='ocrx_word' id='word_1_388' title='bbox 595 3580 641 3627; x_wconf 93' lang='lat' dir='ltr'><strong>hoc</strong></span> <span class='ocrx_word' id='word_1_389' title='bbox 652 3580 833 3634; x_wconf 82' lang='lat' dir='ltr'><strong>insauoinrore</strong></span> <span class='ocrx_word' id='word_1_390' title='bbox 847 3587 954 3650; x_wconf 84' lang='lat' dir='ltr'><strong>correpti</strong></span> 
     </span>
     <span class='ocr_line' id='line_1_54' title="bbox 128 3640 677 3702; baseline 0.002 -11"><span class='ocrx_word' id='word_1_391' title='bbox 128 3649 209 3699; x_wconf 87' lang='lat' dir='ltr'><strong>erant,</strong></span> <span class='ocrx_word' id='word_1_392' title='bbox 225 3641 444 3690; x_wconf 79' lang='lat' dir='ltr'><strong>Circumcelliones</strong></span> <span class='ocrx_word' id='word_1_393' title='bbox 461 3640 581 3702; x_wconf 89' lang='lat' dir='ltr'><strong>appellati</strong></span> <span class='ocrx_word' id='word_1_394' title='bbox 598 3641 677 3692; x_wconf 87' lang='lat' dir='ltr'><strong>luere.</strong></span> 
     </span>
    </p>

    <p class='ocr_par' dir='ltr' id='par_1_14' title="bbox 122 3703 957 4493">
     <span class='ocr_line' id='line_1_55' title="bbox 159 3703 955 3770; baseline 0.01 -18"><span class='ocrx_word' id='word_1_395' title='bbox 159 3703 589 3752; x_wconf 67' lang='grc'><strong>11111111-1111111111111111111111</strong></span> <span class='ocrx_word' id='word_1_396' title='bbox 606 3712 731 3754; x_wconf 88' lang='lat' dir='ltr'><strong>auctorem</strong></span> <span class='ocrx_word' id='word_1_397' title='bbox 749 3706 837 3758; x_wconf 87' lang='lat' dir='ltr'><strong>hebuit</strong></span> <span class='ocrx_word' id='word_1_398' title='bbox 856 3709 955 3770; x_wconf 86' lang='lat' dir='ltr'><strong>hrium,</strong></span> 
     </span>
     <span class='ocr_line' id='line_1_56' title="bbox 128 3762 957 3836; baseline 0.014 -24"><span class='ocrx_word' id='word_1_399' title='bbox 128 3777 142 3812; x_wconf 90' lang='grc' dir='ltr'><strong>ο</strong></span> <span class='ocrx_word' id='word_1_400' title='bbox 172 3763 255 3826; x_wconf 72' lang='lat' dir='ltr'><strong>Lybie</strong></span> <span class='ocrx_word' id='word_1_401' title='bbox 284 3762 429 3822; x_wconf 89' lang='lat' dir='ltr'><strong>oriundum,</strong></span> <span class='ocrx_word' id='word_1_402' title='bbox 469 3765 640 3826; x_wconf 76' lang='lat' dir='ltr'><strong>presbyterem</strong></span> <span class='ocrx_word' id='word_1_403' title='bbox 673 3769 877 3832; x_wconf 79' lang='lat' dir='ltr'><strong>Alexandrinum,</strong></span> <span class='ocrx_word' id='word_1_404' title='bbox 911 3774 957 3836; x_wconf 89' lang='lat' dir='ltr'><strong>qui</strong></span> 
     </span>
     <span class='ocr_line' id='line_1_57' title="bbox 128 3824 954 3896; baseline 0.012 -22"><span class='ocrx_word' id='word_1_405' title='bbox 128 3833 265 3888; x_wconf 88' lang='lat' dir='ltr'><strong>sequentes</strong></span> <span class='ocrx_word' id='word_1_406' title='bbox 281 3825 374 3887; x_wconf 85' lang='lat' dir='ltr'><strong>sparsit</strong></span> <span class='ocrx_word' id='word_1_407' title='bbox 388 3824 506 3896; x_wconf 89' lang='lat' dir='ltr'><strong>capitales</strong></span> <span class='ocrx_word' id='word_1_408' title='bbox 522 3840 616 3876; x_wconf 88' lang='lat' dir='ltr'><strong>errores</strong></span> <span class='ocrx_word' id='word_1_409' title='bbox 631 3845 636 3876; x_wconf 94' lang='lat'>:</span> <span class='ocrx_word' id='word_1_410' title='bbox 652 3833 675 3879; x_wconf 92' lang='grc'><strong>1.</strong></span> <span class='ocrx_word' id='word_1_411' title='bbox 697 3831 803 3881; x_wconf 76' lang='lat' dir='ltr'><strong>litianssi</strong></span> <span class='ocrx_word' id='word_1_412' title='bbox 825 3842 872 3883; x_wconf 89' lang='lat' dir='ltr'><strong>tres</strong></span> <span class='ocrx_word' id='word_1_413' title='bbox 899 3850 954 3896; x_wconf 89' lang='lat' dir='ltr'><strong>per·</strong></span> 
     </span>
     <span class='ocr_line' id='line_1_58' title="bbox 127 3886 954 3952; baseline 0.013 -17"><span class='ocrx_word' id='word_1_414' title='bbox 127 3900 213 3944; x_wconf 75' lang='lat' dir='ltr'><strong>soum,</strong></span> <span class='ocrx_word' id='word_1_415' title='bbox 239 3886 349 3947; x_wconf 84' lang='lat' dir='ltr'><strong>Patrem,</strong></span> <span class='ocrx_word' id='word_1_416' title='bbox 380 3887 472 3936; x_wconf 87' lang='lat' dir='ltr'><strong>Filium</strong></span> <span class='ocrx_word' id='word_1_417' title='bbox 498 3896 523 3937; x_wconf 92' lang='lat' dir='ltr'><strong>et</strong></span> <span class='ocrx_word' id='word_1_418' title='bbox 548 3889 669 3952; x_wconf 84' lang='lat' dir='ltr'><strong>Spiritnm</strong></span> <span class='ocrx_word' id='word_1_419' title='bbox 693 3904 804 3943; x_wconf 89' lang='lat' dir='ltr'><strong>sanctum</strong></span> <span class='ocrx_word' id='word_1_420' title='bbox 824 3895 954 3946; x_wconf 86' lang='lat' dir='ltr'><strong>admittere</strong></span> 
     </span>
     <span class='ocr_line' id='line_1_59' title="bbox 127 3948 954 4017; baseline 0.012 -19"><span class='ocrx_word' id='word_1_421' title='bbox 127 3962 154 3998; x_wconf 90' lang='lat' dir='ltr'><strong>ee</strong></span> <span class='ocrx_word' id='word_1_422' title='bbox 170 3948 339 4013; x_wconf 79' lang='lat' dir='ltr'><strong>profiteretur,</strong></span> <span class='ocrx_word' id='word_1_423' title='bbox 358 3949 439 3998; x_wconf 84' lang='lat' dir='ltr'><strong>selein</strong></span> <span class='ocrx_word' id='word_1_424' title='bbox 455 3958 536 3999; x_wconf 82' lang='grc'><strong>11111111</strong></span> <span class='ocrx_word' id='word_1_425' title='bbox 551 3953 658 4014; x_wconf 86' lang='lat' dir='ltr'><strong>primam</strong></span> <span class='ocrx_word' id='word_1_426' title='bbox 672 3952 749 4004; x_wconf 86' lang='lat' dir='ltr'><strong>Deum</strong></span> <span class='ocrx_word' id='word_1_427' title='bbox 773 3970 869 4017; x_wconf 82' lang='lat' dir='ltr'><strong>vernrn,</strong></span> <span class='ocrx_word' id='word_1_428' title='bbox 881 3967 954 4008; x_wconf 84' lang='lat' dir='ltr'><strong>aeter·</strong></span> 
     </span>
     <span class='ocr_line' id='line_1_60' title="bbox 126 4012 955 4081; baseline 0.014 -22"><span class='ocrx_word' id='word_1_429' title='bbox 126 4024 197 4069; x_wconf 88' lang='lat' dir='ltr'><strong>num,</strong></span> <span class='ocrx_word' id='word_1_430' title='bbox 219 4012 403 4061; x_wconf 89' lang='lat' dir='ltr'><strong>immutabilem</strong></span> <span class='ocrx_word' id='word_1_431' title='bbox 428 4027 483 4062; x_wconf 87' lang='lat' dir='ltr'><strong>csse</strong></span> <span class='ocrx_word' id='word_1_432' title='bbox 509 4015 681 4066; x_wconf 87' lang='lat' dir='ltr'><strong>contendebat.</strong></span> <span class='ocrx_word' id='word_1_433' title='bbox 708 4017 770 4067; x_wconf 87' lang='lat' dir='ltr'><strong>ilinc</strong></span> <span class='ocrx_word' id='word_1_434' title='bbox 798 4019 821 4068; x_wconf 76' lang='lat'><strong>2.</strong></span> <span class='ocrx_word' id='word_1_435' title='bbox 847 4022 955 4081; x_wconf 87' lang='lat' dir='ltr'><strong>negabat</strong></span> 
     </span>
     <span class='ocr_line' id='line_1_61' title="bbox 125 4072 954 4140; baseline 0.012 -17"><span class='ocrx_word' id='word_1_436' title='bbox 125 4072 218 4124; x_wconf 84' lang='lat' dir='ltr'><strong>Filium</strong></span> <span class='ocrx_word' id='word_1_437' title='bbox 239 4081 264 4123; x_wconf 91' lang='lat' dir='ltr'><strong>et</strong></span> <span class='ocrx_word' id='word_1_438' title='bbox 288 4074 410 4135; x_wconf 88' lang='lat' dir='ltr'><strong>Spiritum</strong></span> <span class='ocrx_word' id='word_1_439' title='bbox 437 4084 552 4124; x_wconf 89' lang='lat' dir='ltr'><strong>sanctum</strong></span> <span class='ocrx_word' id='word_1_440' title='bbox 578 4092 633 4126; x_wconf 91' lang='lat' dir='ltr'><strong>esse</strong></span> <span class='ocrx_word' id='word_1_441' title='bbox 662 4080 775 4140; x_wconf 83' lang='lat' dir='ltr'><strong>ejtrsdent</strong></span> <span class='ocrx_word' id='word_1_442' title='bbox 798 4096 855 4131; x_wconf 90' lang='lat' dir='ltr'><strong>cum</strong></span> <span class='ocrx_word' id='word_1_443' title='bbox 882 4086 954 4133; x_wconf 77' lang='lat' dir='ltr'><strong>Patre</strong></span> 
     </span>
     <span class='ocr_line' id='line_1_62' title="bbox 124 4135 952 4197; baseline 0.014 -13"><span class='ocrx_word' id='word_1_444' title='bbox 124 4136 282 4193; x_wconf 77' lang='lat' dir='ltr'><strong>substantiae,</strong></span> <span class='ocrx_word' id='word_1_445' title='bbox 300 4135 340 4185; x_wconf 88' lang='lat' dir='ltr'><strong>vel</strong></span> <span class='ocrx_word' id='word_1_446' title='bbox 355 4147 450 4185; x_wconf 82' lang='lat' dir='ltr'><strong>naturae</strong></span> <span class='ocrx_word' id='word_1_447' title='bbox 459 4151 465 4197; x_wconf 91' lang='lat'>;</span> <span class='ocrx_word' id='word_1_448' title='bbox 481 4138 531 4186; x_wconf 88' lang='lat' dir='ltr'><strong>imo</strong></span> <span class='ocrx_word' id='word_1_449' title='bbox 549 4140 676 4189; x_wconf 84' lang='lat' dir='ltr'><strong>asserebat</strong></span> <span class='ocrx_word' id='word_1_450' title='bbox 691 4141 783 4191; x_wconf 83' lang='lat' dir='ltr'><strong>Filium</strong></span> <span class='ocrx_word' id='word_1_451' title='bbox 799 4145 890 4195; x_wconf 89' lang='lat' dir='ltr'><strong>habere</strong></span> <span class='ocrx_word' id='word_1_452' title='bbox 905 4160 952 4195; x_wconf 91' lang='lat' dir='ltr'><strong>na·</strong></span> 
     </span>
     <span class='ocr_line' id='line_1_63' title="bbox 124 4197 953 4268; baseline 0.016 -23"><span class='ocrx_word' id='word_1_453' title='bbox 124 4205 207 4247; x_wconf 89' lang='lat' dir='ltr'><strong>turam</strong></span> <span class='ocrx_word' id='word_1_454' title='bbox 221 4198 299 4262; x_wconf 88' lang='lat' dir='ltr'><strong>plane</strong></span> <span class='ocrx_word' id='word_1_455' title='bbox 311 4197 439 4248; x_wconf 88' lang='lat' dir='ltr'><strong>diversam</strong></span> <span class='ocrx_word' id='word_1_456' title='bbox 452 4214 469 4268; x_wconf 32' lang='lat' dir='ltr'><strong>a·</strong></span> <span class='ocrx_word' id='word_1_457' title='bbox 483 4200 571 4261; x_wconf 87' lang='lat' dir='ltr'><strong>Patro;</strong></span> <span class='ocrx_word' id='word_1_458' title='bbox 588 4211 612 4250; x_wconf 85' lang='lat' dir='ltr'><strong>et</strong></span> <span class='ocrx_word' id='word_1_459' title='bbox 634 4202 754 4266; x_wconf 91' lang='lat' dir='ltr'><strong>Spiritum</strong></span> <span class='ocrx_word' id='word_1_460' title='bbox 780 4215 892 4257; x_wconf 89' lang='lat' dir='ltr'><strong>sanctum</strong></span> <span class='ocrx_word' id='word_1_461' title='bbox 914 4207 953 4257; x_wconf 91' lang='lat' dir='ltr'><strong>di·</strong></span> 
     </span>
     <span class='ocr_line' id='line_1_64' title="bbox 123 4258 953 4331; baseline 0.017 -25"><span class='ocrx_word' id='word_1_462' title='bbox 123 4273 222 4331; x_wconf 80' lang='lat' dir='ltr'><strong>versam</strong></span> <span class='ocrx_word' id='word_1_463' title='bbox 239 4273 254 4308; x_wconf 87' lang='lat' dir='ltr'><strong>a</strong></span> <span class='ocrx_word' id='word_1_464' title='bbox 271 4258 344 4309; x_wconf 86' lang='lat' dir='ltr'><strong>Patre</strong></span> <span class='ocrx_word' id='word_1_465' title='bbox 370 4268 395 4309; x_wconf 95' lang='lat' dir='ltr'><strong>et</strong></span> <span class='ocrx_word' id='word_1_466' title='bbox 424 4259 498 4311; x_wconf 84' lang='lat' dir='ltr'><strong>Filio.</strong></span> <span class='ocrx_word' id='word_1_467' title='bbox 523 4267 546 4312; x_wconf 81' lang='lat'><strong>3.</strong></span> <span class='ocrx_word' id='word_1_468' title='bbox 565 4263 665 4317; x_wconf 84' lang='lat' dir='ltr'><strong>Filium.</strong></span> <span class='ocrx_word' id='word_1_469' title='bbox 688 4269 902 4329; x_wconf 88' lang='lat' dir='ltr'><strong>quemadmodum</strong></span> <span class='ocrx_word' id='word_1_470' title='bbox 928 4278 953 4320; x_wconf 90' lang='lat' dir='ltr'><strong>et</strong></span> 
     </span>
     <span class='ocr_line' id='line_1_65' title="bbox 123 4320 951 4384; baseline 0.013 -14"><span class='ocrx_word' id='word_1_471' title='bbox 123 4320 249 4384; x_wconf 87' lang='lat' dir='ltr'><strong>Sptritum</strong></span> <span class='ocrx_word' id='word_1_472' title='bbox 273 4330 387 4371; x_wconf 73' lang='lat' dir='ltr'><strong>sarnetum</strong></span> <span class='ocrx_word' id='word_1_473' title='bbox 404 4322 493 4382; x_wconf 84' lang='lat' dir='ltr'><strong>alelmi,</strong></span> <span class='ocrx_word' id='word_1_474' title='bbox 510 4327 636 4374; x_wconf 85' lang='grc'><strong>1111111111</strong></span> <span class='ocrx_word' id='word_1_475' title='bbox 653 4328 748 4377; x_wconf 85' lang='lat' dir='ltr'><strong>iactum</strong></span> <span class='ocrx_word' id='word_1_476' title='bbox 761 4344 817 4378; x_wconf 86' lang='lat' dir='ltr'><strong>esse</strong></span> <span class='ocrx_word' id='word_1_477' title='bbox 838 4331 864 4380; x_wconf 92' lang='lat' dir='ltr'><strong>iu</strong></span> <span class='ocrx_word' id='word_1_478' title='bbox 890 4339 951 4381; x_wconf 91' lang='lat' dir='ltr'><strong>tem-</strong></span> 
     </span>
     <span class='ocr_line' id='line_1_66' title="bbox 122 4383 951 4493; baseline 0.014 -62"><span class='ocrx_word' id='word_1_479' title='bbox 122 4396 184 4493; x_wconf 84' lang='lat' dir='ltr'><strong>pore</strong></span> <span class='ocrx_word' id='word_1_480' title='bbox 200 4383 315 4444; x_wconf 90' lang='lat' dir='ltr'><strong>adeoque</strong></span> <span class='ocrx_word' id='word_1_481' title='bbox 330 4399 383 4433; x_wconf 89' lang='lat' dir='ltr'><strong>osse</strong></span> <span class='ocrx_word' id='word_1_482' title='bbox 400 4393 551 4444; x_wconf 86' lang='lat' dir='ltr'><strong>creaturam,</strong></span> <span class='ocrx_word' id='word_1_483' title='bbox 565 4395 590 4436; x_wconf 89' lang='lat' dir='ltr'><strong>et</strong></span> <span class='ocrx_word' id='word_1_484' title='bbox 600 4388 659 4436; x_wconf 92' lang='lat' dir='ltr'><strong>binc</strong></span> <span class='ocrx_word' id='word_1_485' title='bbox 672 4388 744 4438; x_wconf 82' lang='lat' dir='ltr'><strong>Patre</strong></span> <span class='ocrx_word' id='word_1_486' title='bbox 755 4391 875 4441; x_wconf 87' lang='lat' dir='ltr'><strong>urinurom</strong></span> <span class='ocrx_word' id='word_1_487' title='bbox 888 4407 894 4452; x_wconf 89' lang='lat'>;</span> <span class='ocrx_word' id='word_1_488' title='bbox 907 4396 951 4444; x_wconf 86' lang='lat' dir='ltr'><strong>sed</strong></span> 
     </span>
    </p>

    <p class='ocr_par' dir='ltr' id='par_1_15' title="bbox 116 4444 951 5132">
     <span class='ocr_line' id='line_1_67' title="bbox 132 4444 948 4518; baseline 0.016 -25"><span class='ocrx_word' id='word_1_489' title='bbox 132 4444 217 4514; x_wconf 78' lang='lat' dir='ltr'><strong>‘ilium</strong></span> <span class='ocrx_word' id='word_1_490' title='bbox 230 4454 430 4495; x_wconf 85' lang='lat' dir='ltr'><strong>esseereaturam</strong></span> <span class='ocrx_word' id='word_1_491' title='bbox 444 4449 559 4509; x_wconf 89' lang='lat' dir='ltr'><strong>primam,</strong></span> <span class='ocrx_word' id='word_1_492' title='bbox 571 4459 629 4499; x_wconf 90' lang='lat' dir='ltr'><strong>ante</strong></span> <span class='ocrx_word' id='word_1_493' title='bbox 644 4452 730 4499; x_wconf 85' lang='lat' dir='ltr'><strong>omina</strong></span> <span class='ocrx_word' id='word_1_494' title='bbox 747 4455 839 4502; x_wconf 78' lang='lat' dir='ltr'><strong>secula</strong></span> <span class='ocrx_word' id='word_1_495' title='bbox 850 4455 948 4518; x_wconf 84' lang='lat' dir='ltr'><strong>lactem,</strong></span> 
     </span>
     <span class='ocr_line' id='line_1_68' title="bbox 122 4509 951 4570; baseline 0.018 -16"><span class='ocrx_word' id='word_1_496' title='bbox 122 4519 288 4568; x_wconf 87' lang='lat' dir='ltr'><strong>ornatumque</strong></span> <span class='ocrx_word' id='word_1_497' title='bbox 302 4509 519 4570; x_wconf 76' lang='lat' dir='ltr'><strong>perfectissimam,</strong></span> <span class='ocrx_word' id='word_1_498' title='bbox 534 4521 558 4559; x_wconf 93' lang='lat' dir='ltr'><strong>et</strong></span> <span class='ocrx_word' id='word_1_499' title='bbox 582 4513 690 4560; x_wconf 86' lang='lat' dir='ltr'><strong>metlino</strong></span> <span class='ocrx_word' id='word_1_500' title='bbox 714 4513 746 4562; x_wconf 91' lang='lat' dir='ltr'><strong>ad</strong></span> <span class='ocrx_word' id='word_1_501' title='bbox 771 4513 849 4565; x_wconf 84' lang='lat' dir='ltr'><strong>licum</strong></span> <span class='ocrx_word' id='word_1_502' title='bbox 879 4532 951 4568; x_wconf 87' lang='lat' dir='ltr'><strong>acee-</strong></span> 
     </span>
     <span class='ocr_line' id='line_1_69' title="bbox 122 4568 947 4643; baseline 0.018 -27"><span class='ocrx_word' id='word_1_503' title='bbox 122 4568 233 4630; x_wconf 89' lang='lat' dir='ltr'><strong>dentem,</strong></span> <span class='ocrx_word' id='word_1_504' title='bbox 247 4583 304 4630; x_wconf 78' lang='lat' dir='ltr'><strong>quan</strong></span> <span class='ocrx_word' id='word_1_505' title='bbox 322 4569 379 4619; x_wconf 90' lang='lat' dir='ltr'><strong>ideo</strong></span> <span class='ocrx_word' id='word_1_506' title='bbox 401 4586 445 4633; x_wconf 90' lang='lat' dir='ltr'><strong>per</strong></span> <span class='ocrx_word' id='word_1_507' title='bbox 470 4573 646 4623; x_wconf 77' lang='lat' dir='ltr'><strong>excellentiam</strong></span> <span class='ocrx_word' id='word_1_508' title='bbox 664 4583 766 4625; x_wconf 81' lang='lat' dir='ltr'><strong>vocatur</strong></span> <span class='ocrx_word' id='word_1_509' title='bbox 785 4576 862 4630; x_wconf 81' lang='lat' dir='ltr'><strong>l‘ilins</strong></span> <span class='ocrx_word' id='word_1_510' title='bbox 893 4580 947 4643; x_wconf 88' lang='lat' dir='ltr'><strong>bei,</strong></span> 
     </span>
     <span class='ocr_line' id='line_1_70' title="bbox 120 4632 948 4701; baseline 0.019 -23"><span class='ocrx_word' id='word_1_511' title='bbox 120 4638 144 4679; x_wconf 92' lang='lat' dir='ltr'><strong>et</strong></span> <span class='ocrx_word' id='word_1_512' title='bbox 160 4632 225 4680; x_wconf 89' lang='lat' dir='ltr'><strong>lleus</strong></span> <span class='ocrx_word' id='word_1_513' title='bbox 239 4643 284 4693; x_wconf 89' lang='lat' dir='ltr'><strong>per</strong></span> <span class='ocrx_word' id='word_1_514' title='bbox 297 4632 432 4695; x_wconf 87' lang='lat' dir='ltr'><strong>qnamdam</strong></span> <span class='ocrx_word' id='word_1_515' title='bbox 449 4635 741 4697; x_wconf 71' lang='lat' dir='ltr'><strong>participettoananon</strong></span> <span class='ocrx_word' id='word_1_516' title='bbox 757 4652 800 4701; x_wconf 93' lang='lat' dir='ltr'><strong>per</strong></span> <span class='ocrx_word' id='word_1_517' title='bbox 811 4646 948 4694; x_wconf 80' lang='lat' dir='ltr'><strong>esttecum:</strong></span> 
     </span>
     <span class='ocr_line' id='line_1_71' title="bbox 120 4692 947 4759; baseline 0.019 -19"><span class='ocrx_word' id='word_1_518' title='bbox 120 4692 199 4742; x_wconf 82' lang='lat' dir='ltr'><strong>henin</strong></span> <span class='ocrx_word' id='word_1_519' title='bbox 223 4708 281 4743; x_wconf 89' lang='lat' dir='ltr'><strong>vero</strong></span> <span class='ocrx_word' id='word_1_520' title='bbox 308 4710 352 4758; x_wconf 87' lang='lat' dir='ltr'><strong>per</strong></span> <span class='ocrx_word' id='word_1_521' title='bbox 369 4697 441 4745; x_wconf 86' lang='lat' dir='ltr'><strong>illurn</strong></span> <span class='ocrx_word' id='word_1_522' title='bbox 469 4698 537 4746; x_wconf 91' lang='lat' dir='ltr'><strong>velut</strong></span> <span class='ocrx_word' id='word_1_523' title='bbox 563 4711 608 4759; x_wconf 86' lang='lat' dir='ltr'><strong>per</strong></span> <span class='ocrx_word' id='word_1_524' title='bbox 637 4700 780 4751; x_wconf 87' lang='lat' dir='ltr'><strong>ministrum</strong></span> <span class='ocrx_word' id='word_1_525' title='bbox 806 4706 899 4754; x_wconf 73' lang='lat' dir='ltr'><strong>secula</strong></span> <span class='ocrx_word' id='word_1_526' title='bbox 923 4713 947 4756; x_wconf 92' lang='lat' dir='ltr'><strong>cl</strong></span> 
     </span>
     <span class='ocr_line' id='line_1_72' title="bbox 118 4755 947 4831; baseline 0.017 -27"><span class='ocrx_word' id='word_1_527' title='bbox 118 4755 206 4826; x_wconf 68' lang='lat' dir='ltr'><strong>ceutria</strong></span> <span class='ocrx_word' id='word_1_528' title='bbox 221 4755 272 4805; x_wconf 91' lang='lat' dir='ltr'><strong>alia</strong></span> <span class='ocrx_word' id='word_1_529' title='bbox 288 4757 388 4806; x_wconf 86' lang='lat' dir='ltr'><strong>iecisse.</strong></span> <span class='ocrx_word' id='word_1_530' title='bbox 404 4758 524 4818; x_wconf 88' lang='lat' dir='ltr'><strong>Spiritum</strong></span> <span class='ocrx_word' id='word_1_531' title='bbox 539 4767 653 4810; x_wconf 87' lang='lat' dir='ltr'><strong>sattctnm</strong></span> <span class='ocrx_word' id='word_1_532' title='bbox 668 4772 752 4813; x_wconf 91' lang='lat' dir='ltr'><strong>autom</strong></span> <span class='ocrx_word' id='word_1_533' title='bbox 769 4763 866 4816; x_wconf 87' lang='lat' dir='ltr'><strong>dicebat</strong></span> <span class='ocrx_word' id='word_1_534' title='bbox 883 4782 947 4831; x_wconf 75' lang='lat' dir='ltr'><strong>prae·</strong></span> 
     </span>
     <span class='ocr_line' id='line_1_73' title="bbox 118 4818 946 4880; baseline 0.016 -13"><span class='ocrx_word' id='word_1_535' title='bbox 118 4831 220 4880; x_wconf 84' lang='lat' dir='ltr'><strong>capuam</strong></span> <span class='ocrx_word' id='word_1_536' title='bbox 244 4818 303 4868; x_wconf 87' lang='lat' dir='ltr'><strong>Filii</strong></span> <span class='ocrx_word' id='word_1_537' title='bbox 325 4828 464 4870; x_wconf 87' lang='lat' dir='ltr'><strong>creaturam</strong></span> <span class='ocrx_word' id='word_1_538' title='bbox 491 4827 517 4869; x_wconf 86' lang='lat' dir='ltr'><strong>et</strong></span> <span class='ocrx_word' id='word_1_539' title='bbox 542 4821 598 4871; x_wconf 83' lang='lat' dir='ltr'><strong>liiuc</strong></span> <span class='ocrx_word' id='word_1_540' title='bbox 629 4823 782 4876; x_wconf 80' lang='lat' dir='ltr'><strong>Crenternns</strong></span> <span class='ocrx_word' id='word_1_541' title='bbox 813 4828 946 4880; x_wconf 83' lang='lat' dir='ltr'><strong>Crentene</strong></span> 
     </span>
     <span class='ocr_line' id='line_1_74' title="bbox 116 4878 945 4951; baseline 0.016 -23"><span class='ocrx_word' id='word_1_542' title='bbox 116 4878 277 4930; x_wconf 86' lang='lat' dir='ltr'><strong>nominabat.</strong></span> <span class='ocrx_word' id='word_1_543' title='bbox 293 4881 364 4930; x_wconf 89' lang='lat' dir='ltr'><strong>Unde</strong></span> <span class='ocrx_word' id='word_1_544' title='bbox 374 4882 451 4930; x_wconf 90' lang='lat' dir='ltr'><strong>etiam</strong></span> <span class='ocrx_word' id='word_1_545' title='bbox 463 4883 516 4931; x_wconf 93' lang='lat' dir='ltr'><strong>loco</strong></span> <span class='ocrx_word' id='word_1_546' title='bbox 528 4882 601 4933; x_wconf 85' lang='lat' dir='ltr'><strong>istius</strong></span> <span class='ocrx_word' id='word_1_547' title='bbox 616 4886 807 4947; x_wconf 80' lang='lat' dir='ltr'><strong>glorificationis</strong></span> <span class='ocrx_word' id='word_1_548' title='bbox 819 4891 945 4951; x_wconf 85' lang='lat' dir='ltr'><strong>versiculi,</strong></span> 
     </span>
     <span class='ocr_line' id='line_1_75' title="bbox 116 4944 943 5014; baseline 0.013 -23"><span class='ocrx_word' id='word_1_549' title='bbox 116 4955 189 5005; x_wconf 88' lang='lat' dir='ltr'><strong>quern</strong></span> <span class='ocrx_word' id='word_1_550' title='bbox 208 4956 297 4992; x_wconf 90' lang='lat' dir='ltr'><strong>cauere</strong></span> <span class='ocrx_word' id='word_1_551' title='bbox 312 4944 443 4993; x_wconf 87' lang='lat' dir='ltr'><strong>consuevit</strong></span> <span class='ocrx_word' id='word_1_552' title='bbox 462 4944 569 5002; x_wconf 75' lang='lat' dir='ltr'><strong>Ecclesia</strong></span> <span class='ocrx_word' id='word_1_553' title='bbox 591 4949 727 4998; x_wconf 85' lang='lat' dir='ltr'><strong>catholiea:</strong></span> <span class='ocrx_word' id='word_1_554' title='bbox 747 4951 833 5001; x_wconf 86' lang='lat' dir='ltr'><strong>Clerie</strong></span> <span class='ocrx_word' id='word_1_555' title='bbox 857 4952 943 5014; x_wconf 86' lang='lat' dir='ltr'><strong>Petri,</strong></span> 
     </span>
     <span class='ocr_line' id='line_1_76' title="bbox 117 5004 943 5081; baseline 0.016 -28"><span class='ocrx_word' id='word_1_556' title='bbox 117 5010 143 5053; x_wconf 89' lang='lat' dir='ltr'><strong>ct</strong></span> <span class='ocrx_word' id='word_1_557' title='bbox 160 5005 238 5066; x_wconf 81' lang='lat' dir='ltr'><strong>h&#39;s&#39;lie,</strong></span> <span class='ocrx_word' id='word_1_558' title='bbox 254 5008 281 5054; x_wconf 88' lang='lat' dir='ltr'><strong>ct</strong></span> <span class='ocrx_word' id='word_1_559' title='bbox 301 5004 413 5066; x_wconf 79' lang='lat' dir='ltr'><strong>Spiritui</strong></span> <span class='ocrx_word' id='word_1_560' title='bbox 435 5013 523 5056; x_wconf 79' lang='lat' dir='ltr'><strong>serta-tn</strong></span> <span class='ocrx_word' id='word_1_561' title='bbox 533 5020 542 5067; x_wconf 93' lang='lat'><strong>,·</strong></span> <span class='ocrx_word' id='word_1_562' title='bbox 558 5008 612 5081; x_wconf 88' lang='lat' dir='ltr'><strong>ipse</strong></span> <span class='ocrx_word' id='word_1_563' title='bbox 639 5025 699 5062; x_wconf 91' lang='lat' dir='ltr'><strong>suos</strong></span> <span class='ocrx_word' id='word_1_564' title='bbox 724 5026 813 5064; x_wconf 87' lang='lat' dir='ltr'><strong>canere</strong></span> <span class='ocrx_word' id='word_1_565' title='bbox 838 5015 943 5066; x_wconf 83' lang='lat' dir='ltr'><strong>docuit:</strong></span> 
     </span>
     <span class='ocr_line' id='line_1_77' title="bbox 119 5065 744 5132; baseline 0.014 -16"><span class='ocrx_word' id='word_1_566' title='bbox 119 5065 210 5117; x_wconf 84' lang='lat' dir='ltr'><strong>Gloria</strong></span> <span class='ocrx_word' id='word_1_567' title='bbox 225 5066 298 5129; x_wconf 84' lang='lat' dir='ltr'><strong>petri</strong></span> <span class='ocrx_word' id='word_1_568' title='bbox 312 5080 361 5129; x_wconf 81' lang='lat' dir='ltr'><strong>per</strong></span> <span class='ocrx_word' id='word_1_569' title='bbox 378 5067 472 5117; x_wconf 80' lang='lat' dir='ltr'><strong>Filium</strong></span> <span class='ocrx_word' id='word_1_570' title='bbox 488 5069 516 5119; x_wconf 87' lang='lat' dir='ltr'><strong>ia</strong></span> <span class='ocrx_word' id='word_1_571' title='bbox 530 5070 632 5132; x_wconf 74' lang='lat' dir='ltr'><strong>sperate</strong></span> <span class='ocrx_word' id='word_1_572' title='bbox 648 5079 744 5125; x_wconf 84' lang='lat' dir='ltr'><strong>cerreto.</strong></span> 
     </span>
    </p>

    <p class='ocr_par' dir='ltr' id='par_1_16' title="bbox 107 5129 945 5704">
     <span class='ocr_line' id='line_1_78' title="bbox 150 5129 945 5203; baseline 0.016 -26"><span class='ocrx_word' id='word_1_573' title='bbox 150 5129 298 5180; x_wconf 80' lang='lat' dir='ltr'><strong>Searaaast.</strong></span> <span class='ocrx_word' id='word_1_574' title='bbox 317 5156 345 5166; x_wconf 95' lang='lat'>-</span> <span class='ocrx_word' id='word_1_575' title='bbox 367 5129 397 5179; x_wconf 90' lang='lat' dir='ltr'><strong>lli</strong></span> <span class='ocrx_word' id='word_1_576' title='bbox 422 5133 512 5193; x_wconf 84' lang='lat' dir='ltr'><strong>partim</strong></span> <span class='ocrx_word' id='word_1_577' title='bbox 533 5135 733 5187; x_wconf 79' lang='lat' dir='ltr'><strong>assentiebantur</strong></span> <span class='ocrx_word' id='word_1_578' title='bbox 757 5137 857 5188; x_wconf 79' lang='lat' dir='ltr'><strong>Arianis</strong></span> <span class='ocrx_word' id='word_1_579' title='bbox 891 5153 945 5203; x_wconf 89' lang='lat' dir='ltr'><strong>par·</strong></span> 
     </span>
     <span class='ocr_line' id='line_1_79' title="bbox 117 5177 943 5265; baseline 0.016 -25"><span class='ocrx_word' id='word_1_580' title='bbox 117 5196 167 5241; x_wconf 84' lang='lat' dir='ltr'><strong>lem</strong></span> <span class='ocrx_word' id='word_1_581' title='bbox 180 5192 281 5263; x_wconf 80' lang='lat' dir='ltr'><strong>abillis</strong></span> <span class='ocrx_word' id='word_1_582' title='bbox 296 5193 461 5243; x_wconf 85' lang='lat' dir='ltr'><strong>dissidebant.</strong></span> <span class='ocrx_word' id='word_1_583' title='bbox 479 5194 539 5244; x_wconf 79' lang='lat' dir='ltr'><strong>Natu</strong></span> <span class='ocrx_word' id='word_1_584' title='bbox 551 5211 607 5245; x_wconf 91' lang='lat' dir='ltr'><strong>cnm</strong></span> <span class='ocrx_word' id='word_1_585' title='bbox 619 5197 668 5246; x_wconf 85' lang='lat' dir='ltr'><strong>illis</strong></span> <span class='ocrx_word' id='word_1_586' title='bbox 686 5200 786 5264; x_wconf 89' lang='lat' dir='ltr'><strong>quidem</strong></span> <span class='ocrx_word' id='word_1_587' title='bbox 803 5201 833 5250; x_wconf 93' lang='lat' dir='ltr'><strong>de</strong></span> <span class='ocrx_word' id='word_1_588' title='bbox 848 5177 943 5265; x_wconf 75' lang='lat' dir='ltr'><strong>Spiritu</strong></span> 
     </span>
     <span class='ocr_line' id='line_1_80' title="bbox 115 5256 941 5318; baseline 0.021 -19"><span class='ocrx_word' id='word_1_589' title='bbox 115 5261 203 5302; x_wconf 78' lang='lat' dir='ltr'><strong>sarecto</strong></span> <span class='ocrx_word' id='word_1_590' title='bbox 220 5256 287 5304; x_wconf 83' lang='lat' dir='ltr'><strong>idem</strong></span> <span class='ocrx_word' id='word_1_591' title='bbox 305 5270 407 5318; x_wconf 90' lang='lat' dir='ltr'><strong>prorsus</strong></span> <span class='ocrx_word' id='word_1_592' title='bbox 422 5257 573 5315; x_wconf 80' lang='lat' dir='ltr'><strong>sentiebant,</strong></span> <span class='ocrx_word' id='word_1_593' title='bbox 589 5274 617 5308; x_wconf 85' lang='lat' dir='ltr'><strong>ae</strong></span> <span class='ocrx_word' id='word_1_594' title='bbox 634 5260 725 5309; x_wconf 84' lang='lat' dir='ltr'><strong>Filiam</strong></span> <span class='ocrx_word' id='word_1_595' title='bbox 745 5263 813 5313; x_wconf 84' lang='lat' dir='ltr'><strong>Patri</strong></span> <span class='ocrx_word' id='word_1_596' title='bbox 835 5267 941 5316; x_wconf 79' lang='lat' dir='ltr'><strong>censiti·</strong></span> 
     </span>
     <span class='ocr_line' id='line_1_81' title="bbox 112 5316 940 5392; baseline 0.016 -26"><span class='ocrx_word' id='word_1_597' title='bbox 112 5316 272 5375; x_wconf 83' lang='lat' dir='ltr'><strong>slettticlens,</strong></span> <span class='ocrx_word' id='word_1_598' title='bbox 291 5332 335 5367; x_wconf 89' lang='lat' dir='ltr'><strong>sen</strong></span> <span class='ocrx_word' id='word_1_599' title='bbox 353 5319 467 5392; x_wconf 82' lang='lat' dir='ltr'><strong>ejusdem</strong></span> <span class='ocrx_word' id='word_1_600' title='bbox 482 5334 539 5369; x_wconf 89' lang='lat' dir='ltr'><strong>curu</strong></span> <span class='ocrx_word' id='word_1_601' title='bbox 557 5320 599 5370; x_wconf 93' lang='lat' dir='ltr'><strong>illo</strong></span> <span class='ocrx_word' id='word_1_602' title='bbox 614 5333 710 5372; x_wconf 78' lang='grc'><strong>1111111111</strong></span> <span class='ocrx_word' id='word_1_603' title='bbox 725 5339 779 5374; x_wconf 89' lang='lat' dir='ltr'><strong>esee</strong></span> <span class='ocrx_word' id='word_1_604' title='bbox 801 5327 924 5391; x_wconf 86' lang='lat' dir='ltr'><strong>negabant</strong></span> <span class='ocrx_word' id='word_1_605' title='bbox 933 5347 940 5389; x_wconf 71' lang='grc' dir='ltr'>ς</span> 
     </span>
     <span class='ocr_line' id='line_1_82' title="bbox 112 5382 941 5450; baseline 0.019 -25"><span class='ocrx_word' id='word_1_606' title='bbox 112 5385 223 5427; x_wconf 85' lang='lat' dir='ltr'><strong>attamen</strong></span> <span class='ocrx_word' id='word_1_607' title='bbox 235 5394 307 5430; x_wconf 86' lang='lat' dir='ltr'><strong>secus</strong></span> <span class='ocrx_word' id='word_1_608' title='bbox 317 5395 345 5430; x_wconf 89' lang='lat' dir='ltr'><strong>ac</strong></span> <span class='ocrx_word' id='word_1_609' title='bbox 360 5382 398 5431; x_wconf 87' lang='lat' dir='ltr'><strong>rlli</strong></span> <span class='ocrx_word' id='word_1_610' title='bbox 413 5383 537 5442; x_wconf 89' lang='lat' dir='ltr'><strong>dicebent,</strong></span> <span class='ocrx_word' id='word_1_611' title='bbox 554 5384 620 5433; x_wconf 86' lang='lat' dir='ltr'><strong>lsunc</strong></span> <span class='ocrx_word' id='word_1_612' title='bbox 632 5399 689 5435; x_wconf 84' lang='lat' dir='ltr'><strong>esse</strong></span> <span class='ocrx_word' id='word_1_613' title='bbox 706 5387 771 5436; x_wconf 84' lang='lat' dir='ltr'><strong>Patri</strong></span> <span class='ocrx_word' id='word_1_614' title='bbox 785 5402 831 5450; x_wconf 90' lang='lat' dir='ltr'><strong>per</strong></span> <span class='ocrx_word' id='word_1_615' title='bbox 845 5392 941 5450; x_wconf 79' lang='lat' dir='ltr'><strong>omitia,</strong></span> 
     </span>
     <span class='ocr_line' id='line_1_83' title="bbox 111 5441 940 5515; baseline 0.019 -26"><span class='ocrx_word' id='word_1_616' title='bbox 111 5449 188 5503; x_wconf 86' lang='lat' dir='ltr'><strong>atque</strong></span> <span class='ocrx_word' id='word_1_617' title='bbox 202 5441 266 5511; x_wconf 85' lang='lat' dir='ltr'><strong>adeo</strong></span> <span class='ocrx_word' id='word_1_618' title='bbox 280 5444 357 5492; x_wconf 86' lang='lat' dir='ltr'><strong>etiam</strong></span> <span class='ocrx_word' id='word_1_619' title='bbox 374 5446 399 5493; x_wconf 91' lang='lat' dir='ltr'><strong>in</strong></span> <span class='ocrx_word' id='word_1_620' title='bbox 419 5447 530 5496; x_wconf 87' lang='lat' dir='ltr'><strong>essentia</strong></span> <span class='ocrx_word' id='word_1_621' title='bbox 545 5447 664 5503; x_wconf 85' lang='lat' dir='ltr'><strong>similem:</strong></span> <span class='ocrx_word' id='word_1_622' title='bbox 690 5461 846 5515; x_wconf 88' lang='lat' dir='ltr'><strong>quapropter</strong></span> <span class='ocrx_word' id='word_1_623' title='bbox 869 5467 940 5504; x_wconf 88' lang='lat' dir='ltr'><strong>eum-</strong></span> 
     </span>
     <span class='ocr_line' id='line_1_84' title="bbox 111 5501 938 5576; baseline 0.022 -28"><span class='ocrx_word' id='word_1_624' title='bbox 111 5501 167 5552; x_wconf 89' lang='lat' dir='ltr'><strong>dem</strong></span> <span class='ocrx_word' id='word_1_625' title='bbox 181 5504 285 5576; x_wconf 81' lang='lat' dir='ltr'><strong>qualem</strong></span> <span class='ocrx_word' id='word_1_626' title='bbox 304 5506 443 5557; x_wconf 84' lang='lat' dir='ltr'><strong>renuebant</strong></span> <span class='ocrx_word' id='word_1_627' title='bbox 459 5510 587 5572; x_wconf 86' lang='lat' dir='ltr'><strong>appellare</strong></span> <span class='ocrx_word' id='word_1_628' title='bbox 602 5512 746 5573; x_wconf 74' lang='lat' dir='ltr'><strong>denodatos,</strong></span> <span class='ocrx_word' id='word_1_629' title='bbox 765 5514 790 5563; x_wconf 94' lang='lat' dir='ltr'><strong>id</strong></span> <span class='ocrx_word' id='word_1_630' title='bbox 814 5522 852 5564; x_wconf 82' lang='lat' dir='ltr'><strong>est</strong></span> <span class='ocrx_word' id='word_1_631' title='bbox 877 5530 938 5565; x_wconf 84' lang='lat' dir='ltr'><strong>cntr-</strong></span> 
     </span>
     <span class='ocr_line' id='line_1_85' title="bbox 111 5563 939 5638; baseline 0.021 -28"><span class='ocrx_word' id='word_1_632' title='bbox 111 5563 322 5638; x_wconf 78' lang='lat' dir='ltr'><strong>substantialem;</strong></span> <span class='ocrx_word' id='word_1_633' title='bbox 341 5569 458 5620; x_wconf 88' lang='lat' dir='ltr'><strong>dicebaut</strong></span> <span class='ocrx_word' id='word_1_634' title='bbox 475 5587 537 5622; x_wconf 87' lang='lat' dir='ltr'><strong>vere</strong></span> <span class='ocrx_word' id='word_1_635' title='bbox 552 5574 705 5635; x_wconf 82' lang='grc' dir='ltr'><strong>ὀμοιούσιον,</strong></span> <span class='ocrx_word' id='word_1_636' title='bbox 722 5589 765 5625; x_wconf 88' lang='lat' dir='ltr'><strong>scu</strong></span> <span class='ocrx_word' id='word_1_637' title='bbox 791 5577 897 5627; x_wconf 80' lang='lat' dir='ltr'><strong>similem</strong></span> <span class='ocrx_word' id='word_1_638' title='bbox 914 5579 939 5628; x_wconf 91' lang='lat' dir='ltr'><strong>in</strong></span> 
     </span>
     <span class='ocr_line' id='line_1_86' title="bbox 107 5624 935 5704; baseline 0.024 -33"><span class='ocrx_word' id='word_1_639' title='bbox 107 5624 258 5676; x_wconf 82' lang='lat' dir='ltr'><strong>substantia.</strong></span> <span class='ocrx_word' id='word_1_640' title='bbox 277 5630 396 5700; x_wconf 58' lang='lat' dir='ltr'><strong>electores</strong></span> <span class='ocrx_word' id='word_1_641' title='bbox 414 5632 523 5682; x_wconf 84' lang='lat' dir='ltr'><strong>habuere</strong></span> <span class='ocrx_word' id='word_1_642' title='bbox 539 5634 681 5686; x_wconf 87' lang='lat' dir='ltr'><strong>Serniarnni</strong></span> <span class='ocrx_word' id='word_1_643' title='bbox 705 5636 824 5690; x_wconf 87' lang='lat' dir='ltr'><strong>llasilinnt</strong></span> <span class='ocrx_word' id='word_1_644' title='bbox 849 5641 935 5704; x_wconf 63' lang='grc'><strong>111111-</strong></span> 
     </span>
    </p>

    <p class='ocr_par' dir='ltr' id='par_1_17' title="bbox 91 5688 747 5751">
     <span class='ocr_line' id='line_1_87' title="bbox 91 5688 747 5751; baseline 0.032 -23"><span class='ocrx_word' id='word_1_645' title='bbox 91 5696 197 5741; x_wconf 75' lang='lat' dir='ltr'><strong>seneen,</strong></span> <span class='ocrx_word' id='word_1_646' title='bbox 208 5688 397 5751; x_wconf 62' lang='lat' dir='ltr'><strong>attingentem</strong></span> <span class='ocrx_word' id='word_1_647' title='bbox 410 5692 592 5746; x_wconf 71' lang='lat' dir='ltr'><strong>Laudicensem</strong></span> <span class='ocrx_word' id='word_1_648' title='bbox 735 5692 747 5703; x_wconf 69' lang='grc'><strong><em>’</em></strong></span> 
     </span>
    </p>
   </div>
   <div class='ocr_carea' id='block_1_11' title="bbox 918 3229 953 3264">
    <p class='ocr_par' dir='ltr' id='par_1_18' title="bbox 918 3229 953 3264">
     <span class='ocr_line' id='line_1_88' title="bbox 918 3229 953 3264; baseline 0.057 -2"><span class='ocrx_word' id='word_1_649' title='bbox 918 3229 953 3264; x_wconf 85' lang='lat' dir='ltr'><strong>te-</strong></span> 
     </span>
    </p>
   </div>
   <div class='ocr_carea' id='block_1_12' title="bbox 546 164 1443 231">
    <p class='ocr_par' dir='ltr' id='par_1_19' title="bbox 546 164 1443 231">
     <span class='ocr_line' id='line_1_89' title="bbox 546 164 1443 231; baseline -0.006 -3"><span class='ocrx_word' id='word_1_650' title='bbox 546 167 673 228; x_wconf 74' lang='lat' dir='ltr'><strong>albinus</strong></span> <span class='ocrx_word' id='word_1_651' title='bbox 691 164 905 228; x_wconf 77' lang='lat' dir='ltr'><strong>PATROCOGIAE</strong></span> <span class='ocrx_word' id='word_1_652' title='bbox 924 168 1104 231; x_wconf 78' lang='lat' dir='ltr'><strong>serenatus.</strong></span> <span class='ocrx_word' id='word_1_653' title='bbox 1124 197 1160 215; x_wconf 87' lang='lat'><strong>···</strong></span> <span class='ocrx_word' id='word_1_654' title='bbox 1178 166 1281 228; x_wconf 77' lang='lat' dir='ltr'><strong>tenax</strong></span> <span class='ocrx_word' id='word_1_655' title='bbox 1298 166 1443 226; x_wconf 79' lang='lat' dir='ltr'>LXXXVI.</span> 
     </span>
    </p>
   </div>
   <div class='ocr_carea' id='block_1_13' title="bbox 1794 166 1841 226">
    <p class='ocr_par' dir='ltr' id='par_1_20' title="bbox 1794 166 1841 226">
     <span class='ocr_line' id='line_1_90' title="bbox 1794 166 1841 226; baseline 0.043 -2"><span class='ocrx_word' id='word_1_656' title='bbox 1794 166 1841 226; x_wconf 77' lang='lat' dir='ltr'><strong>tlt</strong></span> 
     </span>
    </p>
   </div>
   <div class='ocr_carea' id='block_1_14' title="bbox 991 289 1842 5768">
    <p class='ocr_par' dir='ltr' id='par_1_21' title="bbox 1016 289 1842 718">
     <span class='ocr_line' id='line_1_91' title="bbox 1048 289 1839 354; baseline -0.005 -9"><span class='ocrx_word' id='word_1_657' title='bbox 1048 295 1183 345; x_wconf 78' lang='lat' dir='ltr'><strong>hnacrsst.</strong></span> <span class='ocrx_word' id='word_1_658' title='bbox 1203 290 1291 342; x_wconf 90' lang='lat' dir='ltr'><strong>—Sic</strong></span> <span class='ocrx_word' id='word_1_659' title='bbox 1307 291 1369 341; x_wconf 89' lang='lat' dir='ltr'><strong>dicti</strong></span> <span class='ocrx_word' id='word_1_660' title='bbox 1382 289 1415 340; x_wconf 87' lang='lat' dir='ltr'><strong>ab</strong></span> <span class='ocrx_word' id='word_1_661' title='bbox 1431 290 1521 342; x_wconf 81' lang='lat' dir='ltr'><strong>heacio</strong></span> <span class='ocrx_word' id='word_1_662' title='bbox 1540 289 1690 340; x_wconf 80' lang='lat' dir='ltr'><strong>Caearleasi</strong></span> <span class='ocrx_word' id='word_1_663' title='bbox 1713 290 1839 354; x_wconf 87' lang='lat' dir='ltr'><strong>episcopo.</strong></span> 
     </span>
     <span class='ocr_line' id='line_1_92' title="bbox 1018 350 1842 412; baseline -0.005 -4"><span class='ocrx_word' id='word_1_664' title='bbox 1018 358 1084 407; x_wconf 87' lang='lat' dir='ltr'><strong>luter</strong></span> <span class='ocrx_word' id='word_1_665' title='bbox 1099 357 1208 407; x_wconf 71' lang='grc'><strong>11111111</strong></span> <span class='ocrx_word' id='word_1_666' title='bbox 1232 363 1257 405; x_wconf 82' lang='grc'><strong>11</strong></span> <span class='ocrx_word' id='word_1_667' title='bbox 1284 350 1451 403; x_wconf 76' lang='lat' dir='ltr'><strong>semiarianos</strong></span> <span class='ocrx_word' id='word_1_668' title='bbox 1475 352 1542 401; x_wconf 85' lang='lat' dir='ltr'><strong>velut</strong></span> <span class='ocrx_word' id='word_1_669' title='bbox 1562 353 1647 412; x_wconf 88' lang='lat' dir='ltr'><strong>medii,</strong></span> <span class='ocrx_word' id='word_1_670' title='bbox 1677 353 1775 403; x_wconf 77' lang='lat' dir='ltr'><strong>Filium</strong></span> <span class='ocrx_word' id='word_1_671' title='bbox 1801 368 1842 404; x_wconf 89' lang='lat' dir='ltr'><strong>acc</strong></span> 
     </span>
     <span class='ocr_line' id='line_1_93' title="bbox 1017 415 1838 475; baseline -0.004 -6"><span class='ocrx_word' id='word_1_672' title='bbox 1017 420 1085 470; x_wconf 86' lang='lat' dir='ltr'><strong>Patri</strong></span> <span class='ocrx_word' id='word_1_673' title='bbox 1099 417 1337 470; x_wconf 88' lang='lat' dir='ltr'><strong>consubstantialem</strong></span> <span class='ocrx_word' id='word_1_674' title='bbox 1362 415 1547 464; x_wconf 87' lang='lat' dir='ltr'><strong>dicebautcum</strong></span> <span class='ocrx_word' id='word_1_675' title='bbox 1568 415 1715 475; x_wconf 79' lang='lat' dir='ltr'><strong>Catholicis,</strong></span> <span class='ocrx_word' id='word_1_676' title='bbox 1736 428 1782 464; x_wconf 86' lang='lat' dir='ltr'><strong>nee</strong></span> <span class='ocrx_word' id='word_1_677' title='bbox 1806 419 1838 466; x_wconf 87' lang='lat' dir='ltr'><strong>ei·</strong></span> 
     </span>
     <span class='ocr_line' id='line_1_94' title="bbox 1016 477 1838 545; baseline -0.004 -14"><span class='ocrx_word' id='word_1_678' title='bbox 1016 483 1161 545; x_wconf 87' lang='lat' dir='ltr'><strong>demplane</strong></span> <span class='ocrx_word' id='word_1_679' title='bbox 1179 480 1326 530; x_wconf 85' lang='lat' dir='ltr'><strong>dissimilem</strong></span> <span class='ocrx_word' id='word_1_680' title='bbox 1352 492 1408 527; x_wconf 91' lang='lat' dir='ltr'><strong>cum</strong></span> <span class='ocrx_word' id='word_1_681' title='bbox 1432 477 1543 535; x_wconf 78' lang='lat' dir='ltr'><strong>Arianis,</strong></span> <span class='ocrx_word' id='word_1_682' title='bbox 1570 490 1651 540; x_wconf 90' lang='lat' dir='ltr'><strong>neque</strong></span> <span class='ocrx_word' id='word_1_683' title='bbox 1682 477 1793 526; x_wconf 86' lang='lat' dir='ltr'><strong>similent</strong></span> <span class='ocrx_word' id='word_1_684' title='bbox 1816 481 1838 529; x_wconf 90' lang='lat' dir='ltr'><strong>in</strong></span> 
     </span>
     <span class='ocr_line' id='line_1_95' title="bbox 1018 539 1838 598; baseline -0.004 -5"><span class='ocrx_word' id='word_1_685' title='bbox 1018 545 1156 593; x_wconf 86' lang='lat' dir='ltr'><strong>substantia</strong></span> <span class='ocrx_word' id='word_1_686' title='bbox 1172 556 1229 592; x_wconf 93' lang='lat' dir='ltr'><strong>cum</strong></span> <span class='ocrx_word' id='word_1_687' title='bbox 1247 541 1418 598; x_wconf 82' lang='lat' dir='ltr'><strong>semiarianis,</strong></span> <span class='ocrx_word' id='word_1_688' title='bbox 1434 540 1478 589; x_wconf 90' lang='lat' dir='ltr'><strong>sed</strong></span> <span class='ocrx_word' id='word_1_689' title='bbox 1492 539 1650 589; x_wconf 78' lang='lat' dir='ltr'><strong>duntaxatia</strong></span> <span class='ocrx_word' id='word_1_690' title='bbox 1665 541 1838 590; x_wconf 84' lang='lat' dir='ltr'><strong>accidentibus</strong></span> 
     </span>
     <span class='ocr_line' id='line_1_96' title="bbox 1016 604 1836 666; baseline -0.005 -11"><span class='ocrx_word' id='word_1_691' title='bbox 1016 607 1145 665; x_wconf 83' lang='grc'><strong>1111111111,</strong></span> <span class='ocrx_word' id='word_1_692' title='bbox 1162 609 1414 654; x_wconf 86' lang='lat' dir='ltr'><strong>sicetstatuaaurea</strong></span> <span class='ocrx_word' id='word_1_693' title='bbox 1432 617 1478 652; x_wconf 92' lang='lat' dir='ltr'><strong>suo</strong></span> <span class='ocrx_word' id='word_1_694' title='bbox 1494 610 1636 666; x_wconf 87' lang='lat' dir='ltr'><strong>prototypo,</strong></span> <span class='ocrx_word' id='word_1_695' title='bbox 1654 604 1725 664; x_wconf 92' lang='lat' dir='ltr'><strong>quod</strong></span> <span class='ocrx_word' id='word_1_696' title='bbox 1749 617 1836 666; x_wconf 78' lang='lat' dir='ltr'><strong>repra·</strong></span> 
     </span>
     <span class='ocr_line' id='line_1_97' title="bbox 1020 677 1109 718; baseline -0.011 0"><span class='ocrx_word' id='word_1_697' title='bbox 1020 677 1109 718; x_wconf 84' lang='lat' dir='ltr'><strong>sentes.</strong></span> 
     </span>
    </p>

    <p class='ocr_par' dir='ltr' id='par_1_22' title="bbox 1016 724 1839 1163">
     <span class='ocr_line' id='line_1_98' title="bbox 1047 724 1839 780; baseline -0.003 0"><span class='ocrx_word' id='word_1_698' title='bbox 1047 730 1235 780; x_wconf 78' lang='lat' dir='ltr'><strong>Maesuosntst.</strong></span> <span class='ocrx_word' id='word_1_699' title='bbox 1248 754 1281 766; x_wconf 91' lang='lat'><em>-</em></span> <span class='ocrx_word' id='word_1_700' title='bbox 1295 727 1445 777; x_wconf 70' lang='lat' dir='ltr'><strong>arianorum</strong></span> <span class='ocrx_word' id='word_1_701' title='bbox 1462 724 1556 775; x_wconf 85' lang='lat' dir='ltr'><strong>surculi</strong></span> <span class='ocrx_word' id='word_1_702' title='bbox 1574 740 1665 775; x_wconf 87' lang='lat' dir='ltr'><strong>nomeu</strong></span> <span class='ocrx_word' id='word_1_703' title='bbox 1691 735 1717 775; x_wconf 90' lang='lat' dir='ltr'><strong>ot</strong></span> <span class='ocrx_word' id='word_1_704' title='bbox 1734 741 1839 779; x_wconf 76' lang='lat' dir='ltr'><strong>errorem</strong></span> 
     </span>
     <span class='ocr_line' id='line_1_99' title="bbox 1017 787 1837 855; baseline -0.001 -14"><span class='ocrx_word' id='word_1_705' title='bbox 1017 806 1132 855; x_wconf 90' lang='lat' dir='ltr'><strong>accepere</strong></span> <span class='ocrx_word' id='word_1_706' title='bbox 1145 805 1160 841; x_wconf 90' lang='lat' dir='ltr'><strong>s</strong></span> <span class='ocrx_word' id='word_1_707' title='bbox 1176 790 1331 849; x_wconf 75' lang='lat' dir='ltr'><strong>Macedonio,</strong></span> <span class='ocrx_word' id='word_1_708' title='bbox 1340 789 1384 852; x_wconf 91' lang='lat' dir='ltr'><strong>qui</strong></span> <span class='ocrx_word' id='word_1_709' title='bbox 1398 788 1503 839; x_wconf 87' lang='lat' dir='ltr'><strong>docebat</strong></span> <span class='ocrx_word' id='word_1_710' title='bbox 1514 801 1520 837; x_wconf 92' lang='lat'><strong>:</strong></span> <span class='ocrx_word' id='word_1_711' title='bbox 1532 787 1624 838; x_wconf 72' lang='grc'><strong>1111111111</strong></span> <span class='ocrx_word' id='word_1_712' title='bbox 1642 789 1748 851; x_wconf 89' lang='lat' dir='ltr'><strong>quidem</strong></span> <span class='ocrx_word' id='word_1_713' title='bbox 1766 790 1837 840; x_wconf 86' lang='lat' dir='ltr'><strong>iteam</strong></span> 
     </span>
     <span class='ocr_line' id='line_1_100' title="bbox 1017 851 1836 918; baseline -0.004 -14"><span class='ocrx_word' id='word_1_714' title='bbox 1017 869 1080 914; x_wconf 80' lang='lat' dir='ltr'><strong>esse,</strong></span> <span class='ocrx_word' id='word_1_715' title='bbox 1097 868 1140 918; x_wconf 90' lang='lat' dir='ltr'><strong>per</strong></span> <span class='ocrx_word' id='word_1_716' title='bbox 1155 853 1243 902; x_wconf 90' lang='lat' dir='ltr'><strong>omnia</strong></span> <span class='ocrx_word' id='word_1_717' title='bbox 1255 852 1365 902; x_wconf 86' lang='lat' dir='ltr'><strong>similem</strong></span> <span class='ocrx_word' id='word_1_718' title='bbox 1383 851 1465 909; x_wconf 85' lang='lat' dir='ltr'><strong>Patri;</strong></span> <span class='ocrx_word' id='word_1_719' title='bbox 1490 851 1550 911; x_wconf 84' lang='lat' dir='ltr'><strong>imo,</strong></span> <span class='ocrx_word' id='word_1_720' title='bbox 1562 859 1591 900; x_wconf 90' lang='lat' dir='ltr'><strong>ut</strong></span> <span class='ocrx_word' id='word_1_721' title='bbox 1606 852 1724 913; x_wconf 86' lang='lat' dir='ltr'><strong>loquitur</strong></span> <span class='ocrx_word' id='word_1_722' title='bbox 1746 852 1772 900; x_wconf 87' lang='lat' dir='ltr'><strong>S.</strong></span> <span class='ocrx_word' id='word_1_723' title='bbox 1789 854 1836 901; x_wconf 80' lang='lat' dir='ltr'><strong>Xe·</strong></span> 
     </span>
     <span class='ocr_line' id='line_1_101' title="bbox 1016 912 1838 980; baseline -0.001 -15"><span class='ocrx_word' id='word_1_724' title='bbox 1016 919 1139 980; x_wconf 76' lang='lat' dir='ltr'><strong>gostinus,</strong></span> <span class='ocrx_word' id='word_1_725' title='bbox 1171 918 1247 965; x_wconf 90' lang='lat' dir='ltr'><strong>nulus</strong></span> <span class='ocrx_word' id='word_1_726' title='bbox 1277 914 1441 978; x_wconf 86' lang='lat' dir='ltr'><strong>ejusdemque</strong></span> <span class='ocrx_word' id='word_1_727' title='bbox 1459 926 1516 962; x_wconf 90' lang='lat' dir='ltr'><strong>cnm</strong></span> <span class='ocrx_word' id='word_1_728' title='bbox 1544 912 1589 961; x_wconf 90' lang='lat' dir='ltr'><strong>illo</strong></span> <span class='ocrx_word' id='word_1_729' title='bbox 1614 914 1778 973; x_wconf 78' lang='lat' dir='ltr'><strong>substantie,</strong></span> <span class='ocrx_word' id='word_1_730' title='bbox 1801 915 1838 965; x_wconf 87' lang='lat' dir='ltr'><strong>val</strong></span> 
     </span>
     <span class='ocr_line' id='line_1_102' title="bbox 1017 976 1837 1040; baseline -0.004 -11"><span class='ocrx_word' id='word_1_731' title='bbox 1017 980 1145 1036; x_wconf 59' lang='lat' dir='ltr'><strong>cassatim</strong></span> <span class='ocrx_word' id='word_1_732' title='bbox 1166 976 1287 1039; x_wconf 85' lang='lat' dir='ltr'><strong>Spiritum</strong></span> <span class='ocrx_word' id='word_1_733' title='bbox 1304 990 1363 1025; x_wconf 90' lang='lat' dir='ltr'><strong>vero</strong></span> <span class='ocrx_word' id='word_1_734' title='bbox 1387 983 1499 1025; x_wconf 83' lang='lat' dir='ltr'><strong>earrctum</strong></span> <span class='ocrx_word' id='word_1_735' title='bbox 1521 983 1660 1024; x_wconf 88' lang='lat' dir='ltr'><strong>creaturam</strong></span> <span class='ocrx_word' id='word_1_736' title='bbox 1684 990 1754 1036; x_wconf 85' lang='lat' dir='ltr'><strong>esse,</strong></span> <span class='ocrx_word' id='word_1_737' title='bbox 1775 977 1837 1040; x_wconf 84' lang='lat' dir='ltr'><strong>ejus·</strong></span> 
     </span>
     <span class='ocr_line' id='line_1_103' title="bbox 1017 1037 1835 1101; baseline -0.004 -10"><span class='ocrx_word' id='word_1_738' title='bbox 1017 1043 1073 1091; x_wconf 87' lang='lat' dir='ltr'><strong>doru</strong></span> <span class='ocrx_word' id='word_1_739' title='bbox 1088 1054 1144 1091; x_wconf 87' lang='lat' dir='ltr'><strong>cum</strong></span> <span class='ocrx_word' id='word_1_740' title='bbox 1159 1042 1232 1091; x_wconf 86' lang='lat' dir='ltr'><strong>Patre</strong></span> <span class='ocrx_word' id='word_1_741' title='bbox 1247 1048 1271 1088; x_wconf 91' lang='lat' dir='ltr'><strong>et</strong></span> <span class='ocrx_word' id='word_1_742' title='bbox 1289 1037 1353 1088; x_wconf 81' lang='lat' dir='ltr'><strong>Filio</strong></span> <span class='ocrx_word' id='word_1_743' title='bbox 1368 1037 1496 1098; x_wconf 91' lang='lat' dir='ltr'><strong>dignitatis</strong></span> <span class='ocrx_word' id='word_1_744' title='bbox 1511 1046 1655 1101; x_wconf 64' lang='lat' dir='ltr'><strong>expertem</strong></span> <span class='ocrx_word' id='word_1_745' title='bbox 1680 1038 1735 1088; x_wconf 88' lang='lat' dir='ltr'><strong>imo</strong></span> <span class='ocrx_word' id='word_1_746' title='bbox 1759 1039 1835 1088; x_wconf 77' lang='lat' dir='ltr'><strong>ianu-</strong></span> 
     </span>
     <span class='ocr_line' id='line_1_104' title="bbox 1017 1100 1496 1163; baseline -0.01 -10"><span class='ocrx_word' id='word_1_747' title='bbox 1017 1103 1069 1154; x_wconf 91' lang='lat' dir='ltr'><strong>lnm</strong></span> <span class='ocrx_word' id='word_1_748' title='bbox 1084 1117 1114 1152; x_wconf 89' lang='lat' dir='ltr'><strong>sc</strong></span> <span class='ocrx_word' id='word_1_749' title='bbox 1127 1102 1268 1152; x_wconf 86' lang='lat' dir='ltr'><strong>ministrum</strong></span> <span class='ocrx_word' id='word_1_750' title='bbox 1280 1114 1337 1151; x_wconf 91' lang='lat' dir='ltr'><strong>eum</strong></span> <span class='ocrx_word' id='word_1_751' title='bbox 1354 1100 1496 1163; x_wconf 82' lang='lat' dir='ltr'><strong>appelabat.</strong></span> 
     </span>
    </p>

    <p class='ocr_par' dir='ltr' id='par_1_23' title="bbox 1016 1161 1839 1848">
     <span class='ocr_line' id='line_1_105' title="bbox 1047 1161 1838 1227; baseline -0.005 -10"><span class='ocrx_word' id='word_1_752' title='bbox 1047 1166 1167 1217; x_wconf 65' lang='lat' dir='ltr'><strong>natast.</strong></span> <span class='ocrx_word' id='word_1_753' title='bbox 1187 1190 1217 1202; x_wconf 93' lang='lat'><em>-</em></span> <span class='ocrx_word' id='word_1_754' title='bbox 1231 1163 1371 1226; x_wconf 82' lang='lat' dir='ltr'><strong>quodem</strong></span> <span class='ocrx_word' id='word_1_755' title='bbox 1388 1162 1462 1211; x_wconf 75' lang='lat' dir='ltr'><strong>herio</strong></span> <span class='ocrx_word' id='word_1_756' title='bbox 1483 1161 1562 1210; x_wconf 88' lang='lat' dir='ltr'><strong>ororti</strong></span> <span class='ocrx_word' id='word_1_757' title='bbox 1580 1169 1648 1219; x_wconf 88' lang='lat' dir='ltr'><strong>sent,</strong></span> <span class='ocrx_word' id='word_1_758' title='bbox 1669 1162 1746 1227; x_wconf 88' lang='lat' dir='ltr'><strong>quie</strong></span> <span class='ocrx_word' id='word_1_759' title='bbox 1767 1163 1838 1213; x_wconf 82' lang='lat' dir='ltr'><strong>Pents</strong></span> 
     </span>
     <span class='ocr_line' id='line_1_106' title="bbox 1017 1222 1836 1289; baseline -0.005 -12"><span class='ocrx_word' id='word_1_760' title='bbox 1017 1228 1150 1287; x_wconf 90' lang='lat' dir='ltr'><strong>oriundus,</strong></span> <span class='ocrx_word' id='word_1_761' title='bbox 1173 1240 1230 1275; x_wconf 87' lang='lat' dir='ltr'><strong>cum</strong></span> <span class='ocrx_word' id='word_1_762' title='bbox 1251 1227 1395 1289; x_wconf 87' lang='lat' dir='ltr'><strong>episcopatu</strong></span> <span class='ocrx_word' id='word_1_763' title='bbox 1425 1222 1571 1284; x_wconf 87' lang='lat' dir='ltr'><strong>Sebasteuo,</strong></span> <span class='ocrx_word' id='word_1_764' title='bbox 1598 1238 1672 1288; x_wconf 92' lang='lat' dir='ltr'><strong>quem</strong></span> <span class='ocrx_word' id='word_1_765' title='bbox 1702 1225 1836 1285; x_wconf 80' lang='lat' dir='ltr'><strong>ambiebat,</strong></span> 
     </span>
     <span class='ocr_line' id='line_1_107' title="bbox 1017 1286 1837 1360; baseline 0 -22"><span class='ocrx_word' id='word_1_766' title='bbox 1017 1290 1133 1340; x_wconf 81' lang='lat' dir='ltr'><strong>exclusus</strong></span> <span class='ocrx_word' id='word_1_767' title='bbox 1154 1289 1254 1360; x_wconf 63' lang='lat' dir='ltr'><strong>luisset,</strong></span> <span class='ocrx_word' id='word_1_768' title='bbox 1271 1295 1358 1337; x_wconf 88' lang='lat' dir='ltr'><strong>contra</strong></span> <span class='ocrx_word' id='word_1_769' title='bbox 1384 1287 1551 1350; x_wconf 87' lang='lat' dir='ltr'><strong>episcopatem</strong></span> <span class='ocrx_word' id='word_1_770' title='bbox 1581 1287 1662 1350; x_wconf 90' lang='lat' dir='ltr'><strong>ipsam</strong></span> <span class='ocrx_word' id='word_1_771' title='bbox 1691 1286 1837 1347; x_wconf 74' lang='lat' dir='ltr'><strong>dignitatem</strong></span> 
     </span>
     <span class='ocr_line' id='line_1_108' title="bbox 1017 1349 1837 1414; baseline -0.004 -13"><span class='ocrx_word' id='word_1_772' title='bbox 1017 1351 1172 1403; x_wconf 89' lang='lat' dir='ltr'><strong>deblaterare</strong></span> <span class='ocrx_word' id='word_1_773' title='bbox 1192 1358 1275 1414; x_wconf 86' lang='lat' dir='ltr'><strong>ctsptt.</strong></span> <span class='ocrx_word' id='word_1_774' title='bbox 1300 1349 1386 1412; x_wconf 88' lang='lat' dir='ltr'><strong>ltaque</strong></span> <span class='ocrx_word' id='word_1_775' title='bbox 1412 1349 1522 1410; x_wconf 79' lang='lat' dir='ltr'><strong>nmmum</strong></span> <span class='ocrx_word' id='word_1_776' title='bbox 1548 1362 1577 1397; x_wconf 89' lang='lat' dir='ltr'><strong>ac</strong></span> <span class='ocrx_word' id='word_1_777' title='bbox 1605 1349 1754 1412; x_wconf 75' lang='lat' dir='ltr'><strong>praecipium</strong></span> <span class='ocrx_word' id='word_1_778' title='bbox 1772 1364 1837 1399; x_wconf 74' lang='lat' dir='ltr'><strong>erro·</strong></span> 
     </span>
     <span class='ocr_line' id='line_1_109' title="bbox 1017 1408 1837 1485; baseline 0 -22"><span class='ocrx_word' id='word_1_779' title='bbox 1017 1428 1073 1463; x_wconf 91' lang='lat' dir='ltr'><strong>rum</strong></span> <span class='ocrx_word' id='word_1_780' title='bbox 1089 1414 1158 1463; x_wconf 76' lang='lat' dir='ltr'><strong>herii</strong></span> <span class='ocrx_word' id='word_1_781' title='bbox 1171 1421 1248 1475; x_wconf 85' lang='lat' dir='ltr'><strong>caput</strong></span> <span class='ocrx_word' id='word_1_782' title='bbox 1261 1420 1322 1470; x_wconf 88' lang='lat' dir='ltr'><strong>erat,</strong></span> <span class='ocrx_word' id='word_1_783' title='bbox 1338 1411 1406 1485; x_wconf 87' lang='lat' dir='ltr'><strong>quod</strong></span> <span class='ocrx_word' id='word_1_784' title='bbox 1423 1408 1535 1474; x_wconf 88' lang='lat' dir='ltr'><strong>eplscopi</strong></span> <span class='ocrx_word' id='word_1_785' title='bbox 1551 1423 1601 1460; x_wconf 92' lang='lat' dir='ltr'><strong>non</strong></span> <span class='ocrx_word' id='word_1_786' title='bbox 1619 1413 1669 1460; x_wconf 91' lang='lat' dir='ltr'><strong>sint</strong></span> <span class='ocrx_word' id='word_1_787' title='bbox 1683 1411 1837 1474; x_wconf 75' lang='lat' dir='ltr'><strong>presbyteris</strong></span> 
     </span>
     <span class='ocr_line' id='line_1_110' title="bbox 1017 1471 1838 1539; baseline -0.001 -14"><span class='ocrx_word' id='word_1_788' title='bbox 1017 1476 1167 1539; x_wconf 89' lang='lat' dir='ltr'><strong>superiores,</strong></span> <span class='ocrx_word' id='word_1_789' title='bbox 1185 1489 1215 1525; x_wconf 93' lang='lat' dir='ltr'><strong>ne</strong></span> <span class='ocrx_word' id='word_1_790' title='bbox 1236 1488 1266 1523; x_wconf 90' lang='lat' dir='ltr'><strong>ne</strong></span> <span class='ocrx_word' id='word_1_791' title='bbox 1282 1474 1316 1524; x_wconf 88' lang='lat' dir='ltr'><strong>ab</strong></span> <span class='ocrx_word' id='word_1_792' title='bbox 1331 1488 1369 1522; x_wconf 87' lang='lat' dir='ltr'><strong>ets</strong></span> <span class='ocrx_word' id='word_1_793' title='bbox 1387 1471 1439 1522; x_wconf 91' lang='lat' dir='ltr'><strong>ulla</strong></span> <span class='ocrx_word' id='word_1_794' title='bbox 1452 1473 1479 1522; x_wconf 89' lang='lat' dir='ltr'><strong>iu</strong></span> <span class='ocrx_word' id='word_1_795' title='bbox 1495 1486 1522 1521; x_wconf 91' lang='lat' dir='ltr'><strong>re</strong></span> <span class='ocrx_word' id='word_1_796' title='bbox 1539 1473 1753 1532; x_wconf 89' lang='lat' dir='ltr'><strong>discriminentur,</strong></span> <span class='ocrx_word' id='word_1_797' title='bbox 1779 1474 1838 1525; x_wconf 84' lang='lat' dir='ltr'><strong>linis</strong></span> 
     </span>
     <span class='ocr_line' id='line_1_111' title="bbox 1017 1535 1839 1599; baseline -0.001 -12"><span class='ocrx_word' id='word_1_798' title='bbox 1017 1538 1095 1587; x_wconf 87' lang='lat' dir='ltr'><strong>errnrl</strong></span> <span class='ocrx_word' id='word_1_799' title='bbox 1112 1538 1176 1587; x_wconf 89' lang='lat' dir='ltr'><strong>alios</strong></span> <span class='ocrx_word' id='word_1_800' title='bbox 1195 1552 1224 1586; x_wconf 86' lang='lat' dir='ltr'><strong>en</strong></span> <span class='ocrx_word' id='word_1_801' title='bbox 1244 1537 1301 1585; x_wconf 89' lang='lat' dir='ltr'><strong>iude</strong></span> <span class='ocrx_word' id='word_1_802' title='bbox 1323 1535 1446 1585; x_wconf 88' lang='lat' dir='ltr'><strong>addidit:</strong></span> <span class='ocrx_word' id='word_1_803' title='bbox 1472 1548 1561 1596; x_wconf 88' lang='lat' dir='ltr'><strong>nempe</strong></span> <span class='ocrx_word' id='word_1_804' title='bbox 1582 1536 1710 1585; x_wconf 90' lang='lat' dir='ltr'><strong>orationes</strong></span> <span class='ocrx_word' id='word_1_805' title='bbox 1732 1549 1777 1599; x_wconf 90' lang='lat' dir='ltr'><strong>pro</strong></span> <span class='ocrx_word' id='word_1_806' title='bbox 1797 1536 1839 1586; x_wconf 87' lang='lat' dir='ltr'><strong>de·</strong></span> 
     </span>
     <span class='ocr_line' id='line_1_112' title="bbox 1016 1597 1836 1662; baseline -0.001 -14"><span class='ocrx_word' id='word_1_807' title='bbox 1016 1599 1148 1657; x_wconf 70' lang='lat' dir='ltr'><strong>inuadant</strong></span> <span class='ocrx_word' id='word_1_808' title='bbox 1160 1599 1228 1649; x_wconf 86' lang='lat' dir='ltr'><strong>boue</strong></span> <span class='ocrx_word' id='word_1_809' title='bbox 1237 1612 1283 1662; x_wconf 91' lang='lat' dir='ltr'><strong>pro</strong></span> <span class='ocrx_word' id='word_1_810' title='bbox 1295 1598 1348 1647; x_wconf 91' lang='lat' dir='ltr'><strong>illis</strong></span> <span class='ocrx_word' id='word_1_811' title='bbox 1361 1604 1476 1659; x_wconf 91' lang='lat' dir='ltr'><strong>suscepta</strong></span> <span class='ocrx_word' id='word_1_812' title='bbox 1489 1610 1567 1658; x_wconf 87' lang='lat' dir='ltr'><strong>opera</strong></span> <span class='ocrx_word' id='word_1_813' title='bbox 1580 1597 1644 1647; x_wconf 92' lang='lat' dir='ltr'><strong>nihil</strong></span> <span class='ocrx_word' id='word_1_814' title='bbox 1660 1599 1693 1647; x_wconf 89' lang='lat' dir='ltr'><strong>iis</strong></span> <span class='ocrx_word' id='word_1_815' title='bbox 1709 1600 1836 1661; x_wconf 83' lang='lat' dir='ltr'><strong>prodesse.</strong></span> 
     </span>
     <span class='ocr_line' id='line_1_113' title="bbox 1016 1658 1839 1726; baseline 0.001 -16"><span class='ocrx_word' id='word_1_816' title='bbox 1016 1663 1128 1726; x_wconf 87' lang='lat' dir='ltr'><strong>adeoque</strong></span> <span class='ocrx_word' id='word_1_817' title='bbox 1153 1675 1208 1711; x_wconf 88' lang='lat' dir='ltr'><strong>esse</strong></span> <span class='ocrx_word' id='word_1_818' title='bbox 1237 1661 1381 1722; x_wconf 85' lang='lat' dir='ltr'><strong>rejicienda.</strong></span> <span class='ocrx_word' id='word_1_819' title='bbox 1412 1658 1532 1708; x_wconf 72' lang='lat' dir='ltr'><strong>Praeterea</strong></span> <span class='ocrx_word' id='word_1_820' title='bbox 1548 1660 1645 1724; x_wconf 86' lang='lat' dir='ltr'><strong>jejunia</strong></span> <span class='ocrx_word' id='word_1_821' title='bbox 1671 1661 1705 1709; x_wconf 89' lang='lat' dir='ltr'><strong>ab</strong></span> <span class='ocrx_word' id='word_1_822' title='bbox 1729 1658 1839 1711; x_wconf 80' lang='lat' dir='ltr'><strong>Ecclesia</strong></span> 
     </span>
     <span class='ocr_line' id='line_1_114' title="bbox 1016 1721 1836 1784; baseline -0.001 -12"><span class='ocrx_word' id='word_1_823' title='bbox 1016 1731 1108 1784; x_wconf 77' lang='lat' dir='ltr'><strong>sutus,</strong></span> <span class='ocrx_word' id='word_1_824' title='bbox 1122 1731 1147 1774; x_wconf 88' lang='lat' dir='ltr'><strong>et</strong></span> <span class='ocrx_word' id='word_1_825' title='bbox 1160 1736 1175 1772; x_wconf 89' lang='lat' dir='ltr'><strong>a</strong></span> <span class='ocrx_word' id='word_1_826' title='bbox 1190 1722 1340 1774; x_wconf 87' lang='lat' dir='ltr'><strong>Christianis</strong></span> <span class='ocrx_word' id='word_1_827' title='bbox 1354 1722 1488 1771; x_wconf 83' lang='lat' dir='ltr'><strong>observare</strong></span> <span class='ocrx_word' id='word_1_828' title='bbox 1502 1721 1575 1770; x_wconf 88' lang='lat' dir='ltr'><strong>solita</strong></span> <span class='ocrx_word' id='word_1_829' title='bbox 1591 1736 1642 1771; x_wconf 89' lang='lat' dir='ltr'><strong>non</strong></span> <span class='ocrx_word' id='word_1_830' title='bbox 1664 1735 1724 1772; x_wconf 91' lang='lat' dir='ltr'><strong>esse</strong></span> <span class='ocrx_word' id='word_1_831' title='bbox 1738 1736 1836 1772; x_wconf 90' lang='lat' dir='ltr'><strong>servan·</strong></span> 
     </span>
     <span class='ocr_line' id='line_1_115' title="bbox 1016 1782 1839 1848; baseline -0.002 -12"><span class='ocrx_word' id='word_1_832' title='bbox 1016 1786 1057 1848; x_wconf 89' lang='lat' dir='ltr'><strong>da,</strong></span> <span class='ocrx_word' id='word_1_833' title='bbox 1067 1785 1171 1836; x_wconf 78' lang='grc'><strong>1111111111</strong></span> <span class='ocrx_word' id='word_1_834' title='bbox 1180 1800 1211 1834; x_wconf 90' lang='lat' dir='ltr'><strong>ne</strong></span> <span class='ocrx_word' id='word_1_835' title='bbox 1244 1785 1285 1833; x_wconf 90' lang='lat' dir='ltr'><strong>bat</strong></span> <span class='ocrx_word' id='word_1_836' title='bbox 1298 1783 1390 1848; x_wconf 88' lang='lat' dir='ltr'><strong>pascha</strong></span> <span class='ocrx_word' id='word_1_837' title='bbox 1399 1798 1414 1832; x_wconf 84' lang='lat' dir='ltr'><strong>a</strong></span> <span class='ocrx_word' id='word_1_838' title='bbox 1424 1782 1572 1833; x_wconf 86' lang='lat' dir='ltr'><strong>Christianis</strong></span> <span class='ocrx_word' id='word_1_839' title='bbox 1584 1784 1839 1834; x_wconf 85' lang='lat' dir='ltr'><strong>essecelebrandnrn.</strong></span> 
     </span>
    </p>

    <p class='ocr_par' dir='ltr' id='par_1_24' title="bbox 1008 1846 1839 3215">
     <span class='ocr_line' id='line_1_116' title="bbox 1046 1846 1837 1899; baseline -0.004 -1"><span class='ocrx_word' id='word_1_840' title='bbox 1046 1851 1153 1899; x_wconf 79' lang='lat' dir='ltr'><strong>herrant</strong></span> <span class='ocrx_word' id='word_1_841' title='bbox 1168 1861 1199 1896; x_wconf 83' lang='lat' dir='ltr'><strong>ar</strong></span> <span class='ocrx_word' id='word_1_842' title='bbox 1234 1859 1365 1896; x_wconf 74' lang='lat' dir='ltr'><strong>nausiant.</strong></span> <span class='ocrx_word' id='word_1_843' title='bbox 1379 1872 1410 1881; x_wconf 98' lang='lat'>-</span> <span class='ocrx_word' id='word_1_844' title='bbox 1427 1847 1466 1894; x_wconf 83' lang='lat' dir='ltr'><strong>hb</strong></span> <span class='ocrx_word' id='word_1_845' title='bbox 1484 1846 1556 1896; x_wconf 79' lang='lat' dir='ltr'><strong>hetin</strong></span> <span class='ocrx_word' id='word_1_846' title='bbox 1575 1853 1599 1895; x_wconf 87' lang='lat' dir='ltr'><strong>et</strong></span> <span class='ocrx_word' id='word_1_847' title='bbox 1624 1846 1749 1897; x_wconf 78' lang='lat' dir='ltr'><strong>Eunomia</strong></span> <span class='ocrx_word' id='word_1_848' title='bbox 1772 1862 1837 1896; x_wconf 87' lang='lat' dir='ltr'><strong>nuu-</strong></span> 
     </span>
     <span class='ocr_line' id='line_1_117' title="bbox 1015 1906 1838 2021; baseline -0.001 -62"><span class='ocrx_word' id='word_1_849' title='bbox 1015 1912 1109 1973; x_wconf 85' lang='lat' dir='ltr'><strong>cupali,</strong></span> <span class='ocrx_word' id='word_1_850' title='bbox 1126 1911 1225 1960; x_wconf 75' lang='lat' dir='ltr'><strong>Ariane</strong></span> <span class='ocrx_word' id='word_1_851' title='bbox 1240 1922 1340 2021; x_wconf 75' lang='lat' dir='ltr'><strong>quoque</strong></span> <span class='ocrx_word' id='word_1_852' title='bbox 1356 1909 1457 1957; x_wconf 78' lang='lat' dir='ltr'><strong>haeresis</strong></span> <span class='ocrx_word' id='word_1_853' title='bbox 1472 1906 1570 1979; x_wconf 82' lang='lat' dir='ltr'><strong>soboles</strong></span> <span class='ocrx_word' id='word_1_854' title='bbox 1587 1909 1714 1966; x_wconf 81' lang='lat' dir='ltr'><strong>exstitere,</strong></span> <span class='ocrx_word' id='word_1_855' title='bbox 1729 1922 1838 1972; x_wconf 87' lang='lat' dir='ltr'><strong>eamque</strong></span> 
     </span>
     <span class='ocr_line' id='line_1_118' title="bbox 1016 1970 1836 2033; baseline -0.002 -12"><span class='ocrx_word' id='word_1_856' title='bbox 1016 1973 1088 2022; x_wconf 87' lang='lat' dir='ltr'><strong>novis</strong></span> <span class='ocrx_word' id='word_1_857' title='bbox 1115 1985 1207 2023; x_wconf 83' lang='lat' dir='ltr'><strong>ansere</strong></span> <span class='ocrx_word' id='word_1_858' title='bbox 1233 1971 1409 2033; x_wconf 88' lang='lat' dir='ltr'><strong>hasphomiis.</strong></span> <span class='ocrx_word' id='word_1_859' title='bbox 1439 1970 1537 2018; x_wconf 88' lang='lat' dir='ltr'><strong>Primus</strong></span> <span class='ocrx_word' id='word_1_860' title='bbox 1556 1970 1657 2021; x_wconf 91' lang='lat' dir='ltr'><strong>illorum</strong></span> <span class='ocrx_word' id='word_1_861' title='bbox 1687 1984 1759 2020; x_wconf 90' lang='lat' dir='ltr'><strong>error</strong></span> <span class='ocrx_word' id='word_1_862' title='bbox 1782 1972 1836 2031; x_wconf 84' lang='lat' dir='ltr'><strong>luit,</strong></span> 
     </span>
     <span class='ocr_line' id='line_1_119' title="bbox 1016 2032 1837 2107; baseline 0.001 -25"><span class='ocrx_word' id='word_1_863' title='bbox 1016 2036 1083 2107; x_wconf 88' lang='lat' dir='ltr'><strong>qnod</strong></span> <span class='ocrx_word' id='word_1_864' title='bbox 1101 2035 1258 2084; x_wconf 89' lang='lat' dir='ltr'><strong>dissimulem</strong></span> <span class='ocrx_word' id='word_1_865' title='bbox 1268 2032 1405 2096; x_wconf 88' lang='lat' dir='ltr'><strong>peremnia</strong></span> <span class='ocrx_word' id='word_1_866' title='bbox 1414 2039 1555 2082; x_wconf 85' lang='lat' dir='ltr'><strong>assererent</strong></span> <span class='ocrx_word' id='word_1_867' title='bbox 1568 2033 1636 2084; x_wconf 84' lang='lat' dir='ltr'><strong>Patri</strong></span> <span class='ocrx_word' id='word_1_868' title='bbox 1651 2032 1751 2091; x_wconf 85' lang='lat' dir='ltr'><strong>Filium,</strong></span> <span class='ocrx_word' id='word_1_869' title='bbox 1761 2034 1837 2083; x_wconf 78' lang='grc'><strong>1111-</strong></span> 
     </span>
     <span class='ocr_line' id='line_1_120' title="bbox 1015 2095 1837 2160; baseline 0 -15"><span class='ocrx_word' id='word_1_870' title='bbox 1015 2097 1049 2146; x_wconf 85' lang='grc'><strong>111</strong></span> <span class='ocrx_word' id='word_1_871' title='bbox 1066 2095 1183 2160; x_wconf 87' lang='lat' dir='ltr'><strong>Spiritum</strong></span> <span class='ocrx_word' id='word_1_872' title='bbox 1196 2103 1325 2156; x_wconf 92' lang='lat' dir='ltr'><strong>sanctum;</strong></span> <span class='ocrx_word' id='word_1_873' title='bbox 1342 2109 1372 2144; x_wconf 82' lang='lat' dir='ltr'><strong>es</strong></span> <span class='ocrx_word' id='word_1_874' title='bbox 1395 2107 1444 2157; x_wconf 91' lang='lat' dir='ltr'><strong>quo</strong></span> <span class='ocrx_word' id='word_1_875' title='bbox 1461 2095 1519 2143; x_wconf 89' lang='lat' dir='ltr'><strong>dicti</strong></span> <span class='ocrx_word' id='word_1_876' title='bbox 1537 2095 1614 2144; x_wconf 88' lang='lat' dir='ltr'><strong>otiam</strong></span> <span class='ocrx_word' id='word_1_877' title='bbox 1631 2104 1690 2145; x_wconf 86' lang='lat' dir='ltr'><strong>sant</strong></span> <span class='ocrx_word' id='word_1_878' title='bbox 1714 2096 1837 2154; x_wconf 74' lang='lat' dir='ltr'><strong>sanent</strong></span> 
     </span>
     <span class='ocr_line' id='line_1_121' title="bbox 1015 2155 1839 2221; baseline 0 -14"><span class='ocrx_word' id='word_1_879' title='bbox 1015 2158 1040 2207; x_wconf 93' lang='lat' dir='ltr'><strong>id</strong></span> <span class='ocrx_word' id='word_1_880' title='bbox 1056 2166 1092 2208; x_wconf 89' lang='lat' dir='ltr'><strong>est</strong></span> <span class='ocrx_word' id='word_1_881' title='bbox 1105 2159 1256 2218; x_wconf 80' lang='lat' dir='ltr'><strong>Dissimiles,</strong></span> <span class='ocrx_word' id='word_1_882' title='bbox 1273 2158 1373 2221; x_wconf 76' lang='lat' dir='ltr'><strong>Quapro</strong></span> <span class='ocrx_word' id='word_1_883' title='bbox 1393 2164 1430 2205; x_wconf 87' lang='lat' dir='ltr'><strong>ter</strong></span> <span class='ocrx_word' id='word_1_884' title='bbox 1452 2170 1502 2205; x_wconf 89' lang='lat' dir='ltr'><strong>nen</strong></span> <span class='ocrx_word' id='word_1_885' title='bbox 1527 2155 1684 2220; x_wconf 80' lang='lat' dir='ltr'><strong>baptizabant</strong></span> <span class='ocrx_word' id='word_1_886' title='bbox 1708 2158 1797 2206; x_wconf 82' lang='lat' dir='ltr'><strong>verbis</strong></span> <span class='ocrx_word' id='word_1_887' title='bbox 1824 2172 1839 2207; x_wconf 93' lang='lat' dir='ltr'><strong>a</strong></span> 
     </span>
     <span class='ocr_line' id='line_1_122' title="bbox 1015 2171 1838 2279; baseline -0.004 -8"><span class='ocrx_word' id='word_1_888' title='bbox 1015 2219 1117 2271; x_wconf 91' lang='lat' dir='ltr'><strong>Christo</strong></span> <span class='ocrx_word' id='word_1_889' title='bbox 1132 2220 1263 2279; x_wconf 87' lang='lat' dir='ltr'><strong>institutis,</strong></span> <span class='ocrx_word' id='word_1_890' title='bbox 1280 2220 1324 2268; x_wconf 90' lang='lat' dir='ltr'><strong>sed</strong></span> <span class='ocrx_word' id='word_1_891' title='bbox 1341 2171 1587 2268; x_wconf 56' lang='grc'><strong>11111111111111</strong></span> <span class='ocrx_word' id='word_1_892' title='bbox 1604 2218 1636 2268; x_wconf 82' lang='lat' dir='ltr'><strong>is</strong></span> <span class='ocrx_word' id='word_1_893' title='bbox 1655 2219 1756 2268; x_wconf 79' lang='lat' dir='ltr'><strong>nomiae</strong></span> <span class='ocrx_word' id='word_1_894' title='bbox 1786 2219 1838 2268; x_wconf 77' lang='lat' dir='ltr'><strong>Dei</strong></span> 
     </span>
     <span class='ocr_line' id='line_1_123' title="bbox 1016 2280 1839 2341; baseline -0.002 -9"><span class='ocrx_word' id='word_1_895' title='bbox 1016 2282 1123 2333; x_wconf 82' lang='lat' dir='ltr'><strong>incrensi</strong></span> <span class='ocrx_word' id='word_1_896' title='bbox 1138 2287 1165 2332; x_wconf 87' lang='lat' dir='ltr'><strong>et</strong></span> <span class='ocrx_word' id='word_1_897' title='bbox 1182 2284 1210 2332; x_wconf 88' lang='lat' dir='ltr'><strong>iss</strong></span> <span class='ocrx_word' id='word_1_898' title='bbox 1225 2282 1326 2332; x_wconf 80' lang='lat' dir='ltr'><strong>aceiae</strong></span> <span class='ocrx_word' id='word_1_899' title='bbox 1338 2280 1404 2330; x_wconf 75' lang='lat' dir='ltr'><strong>nere</strong></span> <span class='ocrx_word' id='word_1_900' title='bbox 1419 2281 1507 2338; x_wconf 84' lang='lat' dir='ltr'><strong>crecti,</strong></span> <span class='ocrx_word' id='word_1_901' title='bbox 1522 2286 1549 2330; x_wconf 87' lang='lat' dir='ltr'><strong>et</strong></span> <span class='ocrx_word' id='word_1_902' title='bbox 1562 2281 1589 2330; x_wconf 87' lang='lat' dir='ltr'><strong>ia</strong></span> <span class='ocrx_word' id='word_1_903' title='bbox 1601 2281 1699 2331; x_wconf 79' lang='lat' dir='ltr'><strong>aculae</strong></span> <span class='ocrx_word' id='word_1_904' title='bbox 1717 2281 1839 2341; x_wconf 74' lang='lat' dir='ltr'><strong>Spiritus</strong></span> 
     </span>
     <span class='ocr_line' id='line_1_124' title="bbox 1015 2343 1838 2406; baseline -0.004 -11"><span class='ocrx_word' id='word_1_905' title='bbox 1015 2344 1044 2394; x_wconf 85' lang='lat' dir='ltr'><strong>S.</strong></span> <span class='ocrx_word' id='word_1_906' title='bbox 1061 2345 1284 2405; x_wconf 62' lang='lat' dir='ltr'><strong>sanctificatoriae</strong></span> <span class='ocrx_word' id='word_1_907' title='bbox 1300 2343 1370 2394; x_wconf 79' lang='lat' dir='ltr'><strong>Filio</strong></span> <span class='ocrx_word' id='word_1_908' title='bbox 1383 2344 1526 2406; x_wconf 82' lang='lat' dir='ltr'><strong>procreeti;</strong></span> <span class='ocrx_word' id='word_1_909' title='bbox 1539 2343 1646 2406; x_wconf 88' lang='lat' dir='ltr'><strong>ideoque</strong></span> <span class='ocrx_word' id='word_1_910' title='bbox 1664 2343 1838 2406; x_wconf 81' lang='lat' dir='ltr'><strong>baptisatosa</strong></span> 
     </span>
     <span class='ocr_line' id='line_1_125' title="bbox 1015 2404 1838 2468; baseline -0.002 -12"><span class='ocrx_word' id='word_1_911' title='bbox 1015 2406 1149 2457; x_wconf 87' lang='lat' dir='ltr'><strong>Catholicis</strong></span> <span class='ocrx_word' id='word_1_912' title='bbox 1157 2407 1188 2457; x_wconf 93' lang='lat' dir='ltr'><strong>ad</strong></span> <span class='ocrx_word' id='word_1_913' title='bbox 1203 2420 1230 2456; x_wconf 86' lang='lat' dir='ltr'><strong>se</strong></span> <span class='ocrx_word' id='word_1_914' title='bbox 1243 2405 1388 2455; x_wconf 89' lang='lat' dir='ltr'><strong>secedentes</strong></span> <span class='ocrx_word' id='word_1_915' title='bbox 1404 2404 1603 2468; x_wconf 87' lang='lat' dir='ltr'><strong>rebaptizabant.</strong></span> <span class='ocrx_word' id='word_1_916' title='bbox 1615 2404 1757 2455; x_wconf 84' lang='lat' dir='ltr'><strong>Secuudum</strong></span> <span class='ocrx_word' id='word_1_917' title='bbox 1768 2418 1838 2454; x_wconf 90' lang='lat' dir='ltr'><strong>error</strong></span> 
     </span>
     <span class='ocr_line' id='line_1_126' title="bbox 1014 2466 1838 2543; baseline -0.001 -26"><span class='ocrx_word' id='word_1_918' title='bbox 1014 2469 1063 2518; x_wconf 86' lang='lat' dir='ltr'><strong>luit</strong></span> <span class='ocrx_word' id='word_1_919' title='bbox 1076 2470 1143 2543; x_wconf 91' lang='lat' dir='ltr'><strong>qnod</strong></span> <span class='ocrx_word' id='word_1_920' title='bbox 1157 2469 1268 2519; x_wconf 82' lang='lat' dir='ltr'><strong>Verbum</strong></span> <span class='ocrx_word' id='word_1_921' title='bbox 1281 2467 1395 2517; x_wconf 87' lang='lat' dir='ltr'><strong>divinum</strong></span> <span class='ocrx_word' id='word_1_922' title='bbox 1411 2467 1520 2517; x_wconf 84' lang='lat' dir='ltr'><strong>animam</strong></span> <span class='ocrx_word' id='word_1_923' title='bbox 1533 2481 1584 2517; x_wconf 92' lang='lat' dir='ltr'><strong>uon</strong></span> <span class='ocrx_word' id='word_1_924' title='bbox 1600 2469 1778 2532; x_wconf 86' lang='lat' dir='ltr'><strong>assumpsisse,</strong></span> <span class='ocrx_word' id='word_1_925' title='bbox 1793 2466 1838 2516; x_wconf 92' lang='lat' dir='ltr'><strong>sed</strong></span> 
     </span>
     <span class='ocr_line' id='line_1_127' title="bbox 1015 2528 1838 2594; baseline -0.002 -14"><span class='ocrx_word' id='word_1_926' title='bbox 1015 2531 1168 2582; x_wconf 86' lang='lat' dir='ltr'><strong>divinitatem</strong></span> <span class='ocrx_word' id='word_1_927' title='bbox 1185 2532 1276 2580; x_wconf 83' lang='lat' dir='ltr'><strong>anima</strong></span> <span class='ocrx_word' id='word_1_928' title='bbox 1293 2531 1359 2580; x_wconf 80' lang='lat' dir='ltr'><strong>vices</strong></span> <span class='ocrx_word' id='word_1_929' title='bbox 1373 2530 1541 2594; x_wconf 83' lang='lat' dir='ltr'><strong>supplevisse,</strong></span> <span class='ocrx_word' id='word_1_930' title='bbox 1566 2538 1713 2580; x_wconf 84' lang='lat' dir='ltr'><strong>assererent.</strong></span> <span class='ocrx_word' id='word_1_931' title='bbox 1737 2528 1838 2579; x_wconf 86' lang='lat' dir='ltr'><strong>Tertius</strong></span> 
     </span>
     <span class='ocr_line' id='line_1_128' title="bbox 1015 2592 1836 2657; baseline -0.004 -13"><span class='ocrx_word' id='word_1_932' title='bbox 1015 2594 1151 2652; x_wconf 84' lang='grc'><strong>1111111111,</strong></span> <span class='ocrx_word' id='word_1_933' title='bbox 1182 2594 1231 2643; x_wconf 90' lang='lat' dir='ltr'><strong>uod</strong></span> <span class='ocrx_word' id='word_1_934' title='bbox 1253 2593 1363 2642; x_wconf 83' lang='lat' dir='ltr'><strong>dicerent</strong></span> <span class='ocrx_word' id='word_1_935' title='bbox 1387 2606 1414 2642; x_wconf 88' lang='lat' dir='ltr'><strong>se</strong></span> <span class='ocrx_word' id='word_1_936' title='bbox 1440 2592 1518 2643; x_wconf 84' lang='lat' dir='ltr'><strong>Deum</strong></span> <span class='ocrx_word' id='word_1_937' title='bbox 1542 2594 1576 2641; x_wconf 89' lang='lat' dir='ltr'><strong>ita</strong></span> <span class='ocrx_word' id='word_1_938' title='bbox 1595 2593 1701 2657; x_wconf 86' lang='lat' dir='ltr'><strong>perlecta</strong></span> <span class='ocrx_word' id='word_1_939' title='bbox 1724 2606 1836 2655; x_wconf 86' lang='lat' dir='ltr'><strong>cognes-</strong></span> 
     </span>
     <span class='ocr_line' id='line_1_129' title="bbox 1014 2653 1836 2717; baseline -0.002 -12"><span class='ocrx_word' id='word_1_940' title='bbox 1014 2669 1078 2715; x_wconf 88' lang='lat' dir='ltr'><strong>cere,</strong></span> <span class='ocrx_word' id='word_1_941' title='bbox 1093 2655 1157 2706; x_wconf 91' lang='lat' dir='ltr'><strong>sicut</strong></span> <span class='ocrx_word' id='word_1_942' title='bbox 1205 2670 1235 2705; x_wconf 91' lang='lat' dir='ltr'><strong>us</strong></span> <span class='ocrx_word' id='word_1_943' title='bbox 1251 2656 1343 2717; x_wconf 90' lang='lat' dir='ltr'><strong>ipsese</strong></span> <span class='ocrx_word' id='word_1_944' title='bbox 1358 2655 1502 2716; x_wconf 90' lang='lat' dir='ltr'><strong>cognoscit;</strong></span> <span class='ocrx_word' id='word_1_945' title='bbox 1518 2654 1587 2703; x_wconf 90' lang='lat' dir='ltr'><strong>unde</strong></span> <span class='ocrx_word' id='word_1_946' title='bbox 1604 2662 1628 2703; x_wconf 89' lang='grc' dir='ltr'><strong>ο1</strong></span> <span class='ocrx_word' id='word_1_947' title='bbox 1646 2668 1673 2704; x_wconf 91' lang='lat' dir='ltr'><strong>se</strong></span> <span class='ocrx_word' id='word_1_948' title='bbox 1695 2653 1768 2704; x_wconf 89' lang='lat' dir='ltr'><strong>illum</strong></span> <span class='ocrx_word' id='word_1_949' title='bbox 1787 2667 1836 2717; x_wconf 90' lang='lat' dir='ltr'><strong>ps·</strong></span> 
     </span>
     <span class='ocr_line' id='line_1_130' title="bbox 1015 2716 1836 2782; baseline -0.001 -15"><span class='ocrx_word' id='word_1_950' title='bbox 1015 2720 1073 2767; x_wconf 91' lang='lat' dir='ltr'><strong>rites</strong></span> <span class='ocrx_word' id='word_1_951' title='bbox 1084 2717 1291 2782; x_wconf 87' lang='lat' dir='ltr'><strong>comprehendere</strong></span> <span class='ocrx_word' id='word_1_952' title='bbox 1305 2716 1526 2779; x_wconf 87' lang='lat' dir='ltr'><strong>blasphemabant.</strong></span> <span class='ocrx_word' id='word_1_953' title='bbox 1549 2718 1665 2776; x_wconf 74' lang='lat' dir='ltr'><strong>Quamne,</strong></span> <span class='ocrx_word' id='word_1_954' title='bbox 1680 2717 1749 2780; x_wconf 91' lang='lat' dir='ltr'><strong>qued</strong></span> <span class='ocrx_word' id='word_1_955' title='bbox 1777 2729 1836 2766; x_wconf 88' lang='lat' dir='ltr'><strong>sau·</strong></span> 
     </span>
     <span class='ocr_line' id='line_1_131' title="bbox 1014 2778 1836 2843; baseline -0.001 -14"><span class='ocrx_word' id='word_1_956' title='bbox 1014 2787 1110 2830; x_wconf 88' lang='lat' dir='ltr'><strong>ctorem</strong></span> <span class='ocrx_word' id='word_1_957' title='bbox 1142 2779 1262 2843; x_wconf 83' lang='lat' dir='ltr'><strong>reliquias</strong></span> <span class='ocrx_word' id='word_1_958' title='bbox 1283 2785 1479 2835; x_wconf 86' lang='lat' dir='ltr'><strong>contemnerent,</strong></span> <span class='ocrx_word' id='word_1_959' title='bbox 1502 2787 1526 2827; x_wconf 87' lang='lat' dir='ltr'><strong>et</strong></span> <span class='ocrx_word' id='word_1_960' title='bbox 1550 2778 1670 2829; x_wconf 88' lang='lat' dir='ltr'><strong>miracula</strong></span> <span class='ocrx_word' id='word_1_961' title='bbox 1691 2778 1724 2827; x_wconf 90' lang='lat' dir='ltr'><strong>ad</strong></span> <span class='ocrx_word' id='word_1_962' title='bbox 1748 2791 1836 2828; x_wconf 88' lang='lat' dir='ltr'><strong>eorum</strong></span> 
     </span>
     <span class='ocr_line' id='line_1_132' title="bbox 1014 2840 1836 2905; baseline -0.002 -14"><span class='ocrx_word' id='word_1_963' title='bbox 1014 2841 1196 2892; x_wconf 88' lang='lat' dir='ltr'><strong>invocationem</strong></span> <span class='ocrx_word' id='word_1_964' title='bbox 1224 2856 1240 2891; x_wconf 91' lang='lat' dir='ltr'><strong>a</strong></span> <span class='ocrx_word' id='word_1_965' title='bbox 1265 2841 1317 2891; x_wconf 84' lang='lat' dir='ltr'><strong>beo</strong></span> <span class='ocrx_word' id='word_1_966' title='bbox 1343 2848 1442 2905; x_wconf 85' lang='lat' dir='ltr'><strong>patrata</strong></span> <span class='ocrx_word' id='word_1_967' title='bbox 1462 2842 1603 2890; x_wconf 78' lang='lat' dir='ltr'><strong>damonum</strong></span> <span class='ocrx_word' id='word_1_968' title='bbox 1626 2840 1752 2904; x_wconf 77' lang='lat' dir='ltr'><strong>praestigia</strong></span> <span class='ocrx_word' id='word_1_969' title='bbox 1779 2854 1836 2890; x_wconf 87' lang='lat' dir='ltr'><strong>esse</strong></span> 
     </span>
     <span class='ocr_line' id='line_1_133' title="bbox 1013 2902 1836 2968; baseline -0.002 -14"><span class='ocrx_word' id='word_1_970' title='bbox 1013 2904 1149 2955; x_wconf 85' lang='lat' dir='ltr'><strong>ellatireat.</strong></span> <span class='ocrx_word' id='word_1_971' title='bbox 1164 2904 1280 2964; x_wconf 76' lang='lat' dir='ltr'><strong>Quintus,</strong></span> <span class='ocrx_word' id='word_1_972' title='bbox 1296 2905 1363 2968; x_wconf 92' lang='lat' dir='ltr'><strong>quud</strong></span> <span class='ocrx_word' id='word_1_973' title='bbox 1379 2904 1494 2952; x_wconf 90' lang='lat' dir='ltr'><strong>docerent</strong></span> <span class='ocrx_word' id='word_1_974' title='bbox 1518 2904 1609 2953; x_wconf 90' lang='lat' dir='ltr'><strong>malam</strong></span> <span class='ocrx_word' id='word_1_975' title='bbox 1625 2904 1711 2953; x_wconf 89' lang='lat' dir='ltr'><strong>vitatu.</strong></span> <span class='ocrx_word' id='word_1_976' title='bbox 1729 2902 1836 2967; x_wconf 86' lang='lat' dir='ltr'><strong>coujun-</strong></span> 
     </span>
     <span class='ocr_line' id='line_1_134' title="bbox 1010 2965 1834 3030; baseline 0 -14"><span class='ocrx_word' id='word_1_977' title='bbox 1010 2975 1076 3016; x_wconf 88' lang='lat' dir='ltr'><strong>ctam</strong></span> <span class='ocrx_word' id='word_1_978' title='bbox 1093 2980 1148 3017; x_wconf 91' lang='lat' dir='ltr'><strong>curu</strong></span> <span class='ocrx_word' id='word_1_979' title='bbox 1164 2967 1222 3027; x_wconf 91' lang='lat' dir='ltr'><strong>ilde,</strong></span> <span class='ocrx_word' id='word_1_980' title='bbox 1240 2979 1315 3030; x_wconf 88' lang='lat' dir='ltr'><strong>quem</strong></span> <span class='ocrx_word' id='word_1_981' title='bbox 1325 2966 1374 3028; x_wconf 92' lang='lat' dir='ltr'><strong>ipsi</strong></span> <span class='ocrx_word' id='word_1_982' title='bbox 1388 2965 1569 3029; x_wconf 86' lang='lat' dir='ltr'><strong>praedicabant,</strong></span> <span class='ocrx_word' id='word_1_983' title='bbox 1586 2965 1652 3016; x_wconf 92' lang='lat' dir='ltr'><strong>nihil</strong></span> <span class='ocrx_word' id='word_1_984' title='bbox 1669 2965 1775 3025; x_wconf 88' lang='lat' dir='ltr'><strong>obesse;</strong></span> <span class='ocrx_word' id='word_1_985' title='bbox 1788 2966 1834 3026; x_wconf 82' lang='lat' dir='ltr'><strong>sic.</strong></span> 
     </span>
     <span class='ocr_line' id='line_1_135' title="bbox 1009 3027 1836 3139; baseline -0.001 -61"><span class='ocrx_word' id='word_1_986' title='bbox 1009 3036 1037 3078; x_wconf 92' lang='lat' dir='ltr'><strong>ut</strong></span> <span class='ocrx_word' id='word_1_987' title='bbox 1053 3029 1255 3094; x_wconf 84' lang='lat' dir='ltr'><strong>quibuscamque</strong></span> <span class='ocrx_word' id='word_1_988' title='bbox 1269 3028 1378 3139; x_wconf 86' lang='lat' dir='ltr'><strong>peccatis</strong></span> <span class='ocrx_word' id='word_1_989' title='bbox 1392 3028 1448 3091; x_wconf 88' lang='lat' dir='ltr'><strong>quis</strong></span> <span class='ocrx_word' id='word_1_990' title='bbox 1463 3027 1575 3077; x_wconf 88' lang='lat' dir='ltr'><strong>irretitus</strong></span> <span class='ocrx_word' id='word_1_991' title='bbox 1589 3027 1664 3085; x_wconf 86' lang='lat' dir='ltr'><strong>leret,</strong></span> <span class='ocrx_word' id='word_1_992' title='bbox 1682 3027 1785 3077; x_wconf 88' lang='lat' dir='ltr'><strong>etiamsi</strong></span> <span class='ocrx_word' id='word_1_993' title='bbox 1808 3027 1836 3078; x_wconf 87' lang='lat' dir='ltr'><strong>iu</strong></span> 
     </span>
     <span class='ocr_line' id='line_1_136' title="bbox 1008 3090 1834 3152; baseline -0.001 -12"><span class='ocrx_word' id='word_1_994' title='bbox 1008 3092 1046 3140; x_wconf 89' lang='lat' dir='ltr'><strong>eis</strong></span> <span class='ocrx_word' id='word_1_995' title='bbox 1064 3105 1220 3152; x_wconf 84' lang='lat' dir='ltr'><strong>perseverare</strong></span> <span class='ocrx_word' id='word_1_996' title='bbox 1240 3092 1321 3152; x_wconf 84' lang='lat' dir='ltr'><strong>velet,</strong></span> <span class='ocrx_word' id='word_1_997' title='bbox 1347 3090 1483 3140; x_wconf 90' lang='lat' dir='ltr'><strong>dummodo</strong></span> <span class='ocrx_word' id='word_1_998' title='bbox 1507 3090 1582 3140; x_wconf 87' lang='lat' dir='ltr'><strong>lldetn</strong></span> <span class='ocrx_word' id='word_1_999' title='bbox 1609 3103 1682 3140; x_wconf 88' lang='lat' dir='ltr'><strong>suam</strong></span> <span class='ocrx_word' id='word_1_1000' title='bbox 1713 3098 1834 3150; x_wconf 77' lang='lat' dir='ltr'><strong>cenaret,</strong></span> 
     </span>
     <span class='ocr_line' id='line_1_137' title="bbox 1009 3154 1496 3215; baseline 0 -13"><span class='ocrx_word' id='word_1_1001' title='bbox 1009 3154 1179 3202; x_wconf 80' lang='grc'><strong>1111111111</strong></span> <span class='ocrx_word' id='word_1_1002' title='bbox 1196 3154 1320 3215; x_wconf 86' lang='lat' dir='ltr'><strong>particeps</strong></span> <span class='ocrx_word' id='word_1_1003' title='bbox 1334 3166 1389 3202; x_wconf 86' lang='lat' dir='ltr'><strong>esse</strong></span> <span class='ocrx_word' id='word_1_1004' title='bbox 1403 3161 1496 3215; x_wconf 86' lang='lat' dir='ltr'><strong>posset.</strong></span> 
     </span>
    </p>

    <p class='ocr_par' dir='ltr' id='par_1_25' title="bbox 1008 3213 1836 3712">
     <span class='ocr_line' id='line_1_138' title="bbox 1040 3213 1834 3277; baseline -0.003 -13"><span class='ocrx_word' id='word_1_1005' title='bbox 1040 3218 1272 3266; x_wconf 78' lang='lat' dir='ltr'><strong>neeosnsanrsra.</strong></span> <span class='ocrx_word' id='word_1_1006' title='bbox 1291 3214 1410 3264; x_wconf 89' lang='lat' dir='ltr'><strong>-Secta</strong></span> <span class='ocrx_word' id='word_1_1007' title='bbox 1426 3216 1479 3264; x_wconf 75' lang='lat' dir='ltr'><strong>benc</strong></span> <span class='ocrx_word' id='word_1_1008' title='bbox 1492 3223 1620 3265; x_wconf 86' lang='lat' dir='ltr'><strong>auctorem</strong></span> <span class='ocrx_word' id='word_1_1009' title='bbox 1638 3214 1727 3264; x_wconf 89' lang='lat' dir='ltr'><strong>habuit</strong></span> <span class='ocrx_word' id='word_1_1010' title='bbox 1737 3213 1834 3277; x_wconf 74' lang='lat' dir='ltr'><strong>Apolli-</strong></span> 
     </span>
     <span class='ocr_line' id='line_1_139' title="bbox 1008 3276 1834 3347; baseline 0 -21"><span class='ocrx_word' id='word_1_1011' title='bbox 1008 3293 1102 3332; x_wconf 87' lang='lat' dir='ltr'><strong>narem.</strong></span> <span class='ocrx_word' id='word_1_1012' title='bbox 1119 3278 1163 3340; x_wconf 94' lang='lat' dir='ltr'><strong>qui</strong></span> <span class='ocrx_word' id='word_1_1013' title='bbox 1182 3285 1311 3347; x_wconf 87' lang='lat' dir='ltr'><strong>sequentes</strong></span> <span class='ocrx_word' id='word_1_1014' title='bbox 1326 3277 1441 3340; x_wconf 88' lang='lat' dir='ltr'><strong>producit</strong></span> <span class='ocrx_word' id='word_1_1015' title='bbox 1453 3290 1569 3327; x_wconf 86' lang='lat' dir='ltr'><strong>errores:</strong></span> <span class='ocrx_word' id='word_1_1016' title='bbox 1589 3283 1611 3326; x_wconf 88' lang='lat' dir='ltr'><strong>t.</strong></span> <span class='ocrx_word' id='word_1_1017' title='bbox 1637 3278 1704 3341; x_wconf 88' lang='lat' dir='ltr'><strong>quod</strong></span> <span class='ocrx_word' id='word_1_1018' title='bbox 1720 3276 1834 3326; x_wconf 85' lang='lat' dir='ltr'><strong>l&#39;erbnm</strong></span> 
     </span>
     <span class='ocr_line' id='line_1_140' title="bbox 1008 3340 1833 3402; baseline 0 -14"><span class='ocrx_word' id='word_1_1019' title='bbox 1008 3354 1058 3388; x_wconf 92' lang='lat' dir='ltr'><strong>non</strong></span> <span class='ocrx_word' id='word_1_1020' title='bbox 1072 3347 1236 3402; x_wconf 86' lang='lat' dir='ltr'><strong>assumpserit</strong></span> <span class='ocrx_word' id='word_1_1021' title='bbox 1252 3340 1362 3388; x_wconf 86' lang='lat' dir='ltr'><strong>enimam</strong></span> <span class='ocrx_word' id='word_1_1022' title='bbox 1378 3341 1467 3388; x_wconf 87' lang='lat' dir='ltr'><strong>saltem</strong></span> <span class='ocrx_word' id='word_1_1023' title='bbox 1485 3341 1642 3399; x_wconf 86' lang='lat' dir='ltr'><strong>rationalem,</strong></span> <span class='ocrx_word' id='word_1_1024' title='bbox 1652 3354 1696 3388; x_wconf 91' lang='lat' dir='ltr'><strong>seu</strong></span> <span class='ocrx_word' id='word_1_1025' title='bbox 1713 3347 1833 3396; x_wconf 63' lang='lat' dir='ltr'><strong>menum,</strong></span> 
     </span>
     <span class='ocr_line' id='line_1_141' title="bbox 1008 3400 1836 3466; baseline 0 -16"><span class='ocrx_word' id='word_1_1026' title='bbox 1008 3402 1052 3450; x_wconf 91' lang='lat' dir='ltr'><strong>sed</strong></span> <span class='ocrx_word' id='word_1_1027' title='bbox 1066 3402 1121 3466; x_wconf 83' lang='lat' dir='ltr'><strong>ejus</strong></span> <span class='ocrx_word' id='word_1_1028' title='bbox 1139 3403 1204 3451; x_wconf 89' lang='lat' dir='ltr'><strong>vices</strong></span> <span class='ocrx_word' id='word_1_1029' title='bbox 1219 3401 1380 3465; x_wconf 86' lang='lat' dir='ltr'><strong>suppleverit.</strong></span> <span class='ocrx_word' id='word_1_1030' title='bbox 1398 3405 1421 3449; x_wconf 77' lang='lat'><strong>2.</strong></span> <span class='ocrx_word' id='word_1_1031' title='bbox 1447 3400 1519 3460; x_wconf 82' lang='lat' dir='ltr'><strong>Quod</strong></span> <span class='ocrx_word' id='word_1_1032' title='bbox 1540 3400 1654 3451; x_wconf 88' lang='lat' dir='ltr'><strong>Christus</strong></span> <span class='ocrx_word' id='word_1_1033' title='bbox 1675 3414 1761 3452; x_wconf 87' lang='lat' dir='ltr'><strong>veram</strong></span> <span class='ocrx_word' id='word_1_1034' title='bbox 1783 3416 1836 3450; x_wconf 79' lang='lat' dir='ltr'><strong>aar·</strong></span> 
     </span>
     <span class='ocr_line' id='line_1_142' title="bbox 1009 3462 1832 3514; baseline -0.001 -2"><span class='ocrx_word' id='word_1_1035' title='bbox 1009 3478 1064 3512; x_wconf 85' lang='lat' dir='ltr'><strong>netu</strong></span> <span class='ocrx_word' id='word_1_1036' title='bbox 1081 3477 1131 3514; x_wconf 90' lang='lat' dir='ltr'><strong>nnn</strong></span> <span class='ocrx_word' id='word_1_1037' title='bbox 1148 3463 1272 3513; x_wconf 86' lang='lat' dir='ltr'><strong>babuerit.</strong></span> <span class='ocrx_word' id='word_1_1038' title='bbox 1290 3467 1313 3513; x_wconf 90' lang='grc'><strong>3.</strong></span> <span class='ocrx_word' id='word_1_1039' title='bbox 1329 3463 1399 3514; x_wconf 89' lang='lat' dir='ltr'><strong>Circa</strong></span> <span class='ocrx_word' id='word_1_1040' title='bbox 1418 3463 1568 3513; x_wconf 88' lang='lat' dir='ltr'><strong>Trinitatem</strong></span> <span class='ocrx_word' id='word_1_1041' title='bbox 1583 3465 1658 3513; x_wconf 83' lang='lat' dir='ltr'><strong>etiam</strong></span> <span class='ocrx_word' id='word_1_1042' title='bbox 1675 3464 1745 3512; x_wconf 86' lang='lat' dir='ltr'><strong>varie</strong></span> <span class='ocrx_word' id='word_1_1043' title='bbox 1768 3462 1832 3512; x_wconf 88' lang='lat' dir='ltr'><strong>deli·</strong></span> 
     </span>
     <span class='ocr_line' id='line_1_143' title="bbox 1009 3525 1832 3581; baseline -0.002 -6"><span class='ocrx_word' id='word_1_1044' title='bbox 1009 3526 1088 3575; x_wconf 87' lang='lat' dir='ltr'><strong>rabat.</strong></span> <span class='ocrx_word' id='word_1_1045' title='bbox 1119 3525 1164 3574; x_wconf 84' lang='lat' dir='ltr'><strong>liis</strong></span> <span class='ocrx_word' id='word_1_1046' title='bbox 1196 3525 1323 3574; x_wconf 90' lang='lat' dir='ltr'><strong>erroribus</strong></span> <span class='ocrx_word' id='word_1_1047' title='bbox 1349 3525 1482 3575; x_wconf 88' lang='lat' dir='ltr'><strong>ridiculam</strong></span> <span class='ocrx_word' id='word_1_1048' title='bbox 1512 3526 1619 3575; x_wconf 89' lang='lat' dir='ltr'><strong>addebat</strong></span> <span class='ocrx_word' id='word_1_1049' title='bbox 1653 3531 1832 3581; x_wconf 80' lang='lat' dir='ltr'><strong>commentum,</strong></span> 
     </span>
     <span class='ocr_line' id='line_1_144' title="bbox 1009 3586 1832 3652; baseline 0.002 -16"><span class='ocrx_word' id='word_1_1050' title='bbox 1009 3601 1099 3652; x_wconf 85' lang='lat' dir='ltr'><strong>nempe</strong></span> <span class='ocrx_word' id='word_1_1051' title='bbox 1113 3596 1170 3652; x_wconf 89' lang='lat' dir='ltr'><strong>post</strong></span> <span class='ocrx_word' id='word_1_1052' title='bbox 1187 3587 1355 3638; x_wconf 86' lang='lat' dir='ltr'><strong>universalem</strong></span> <span class='ocrx_word' id='word_1_1053' title='bbox 1381 3588 1588 3637; x_wconf 88' lang='lat' dir='ltr'><strong>resurrectionem</strong></span> <span class='ocrx_word' id='word_1_1054' title='bbox 1612 3602 1663 3637; x_wconf 89' lang='lat' dir='ltr'><strong>nou</strong></span> <span class='ocrx_word' id='word_1_1055' title='bbox 1689 3601 1779 3638; x_wconf 88' lang='lat' dir='ltr'><strong>rursus</strong></span> <span class='ocrx_word' id='word_1_1056' title='bbox 1800 3586 1832 3638; x_wconf 87' lang='lat' dir='ltr'><strong>sd</strong></span> 
     </span>
     <span class='ocr_line' id='line_1_145' title="bbox 1009 3649 1660 3712; baseline 0.002 -12"><span class='ocrx_word' id='word_1_1057' title='bbox 1009 3650 1209 3701; x_wconf 73' lang='lat' dir='ltr'><strong>observationem</strong></span> <span class='ocrx_word' id='word_1_1058' title='bbox 1225 3650 1287 3712; x_wconf 88' lang='lat' dir='ltr'><strong>legis</strong></span> <span class='ocrx_word' id='word_1_1059' title='bbox 1303 3649 1417 3700; x_wconf 83' lang='grc'><strong>1111111111</strong></span> <span class='ocrx_word' id='word_1_1060' title='bbox 1431 3664 1487 3699; x_wconf 89' lang='lat' dir='ltr'><strong>esse</strong></span> <span class='ocrx_word' id='word_1_1061' title='bbox 1503 3664 1660 3701; x_wconf 83' lang='lat' dir='ltr'><strong>reversuros.</strong></span> 
     </span>
    </p>

    <p class='ocr_par' dir='ltr' id='par_1_26' title="bbox 998 3711 1833 4881">
     <span class='ocr_line' id='line_1_146' title="bbox 1013 3711 1833 3775; baseline 0.004 -15"><span class='ocrx_word' id='word_1_1062' title='bbox 1013 3722 1016 3727; x_wconf 86' lang='lat'>·</span> <span class='ocrx_word' id='word_1_1063' title='bbox 1041 3712 1276 3763; x_wconf 79' lang='lat' dir='ltr'><strong>Putsctsttastsrra.</strong></span> <span class='ocrx_word' id='word_1_1064' title='bbox 1285 3740 1316 3749; x_wconf 96' lang='lat'>-</span> <span class='ocrx_word' id='word_1_1065' title='bbox 1328 3713 1348 3762; x_wconf 86' lang='grc' dir='ltr'><strong>Α</strong></span> <span class='ocrx_word' id='word_1_1066' title='bbox 1360 3711 1519 3761; x_wconf 88' lang='lat' dir='ltr'><strong>Priscilliano</strong></span> <span class='ocrx_word' id='word_1_1067' title='bbox 1535 3714 1637 3762; x_wconf 75' lang='lat' dir='ltr'><strong>haeresis</strong></span> <span class='ocrx_word' id='word_1_1068' title='bbox 1655 3713 1704 3762; x_wconf 88' lang='lat' dir='ltr'><strong>istu</strong></span> <span class='ocrx_word' id='word_1_1069' title='bbox 1719 3722 1767 3775; x_wconf 83' lang='lat' dir='ltr'><strong>per</strong></span> <span class='ocrx_word' id='word_1_1070' title='bbox 1779 3712 1833 3763; x_wconf 85' lang='lat' dir='ltr'><strong>llis·</strong></span> 
     </span>
     <span class='ocr_line' id='line_1_147' title="bbox 1008 3774 1830 3840; baseline 0.001 -18"><span class='ocrx_word' id='word_1_1071' title='bbox 1008 3776 1109 3837; x_wconf 89' lang='lat' dir='ltr'><strong>paniam</strong></span> <span class='ocrx_word' id='word_1_1072' title='bbox 1124 3783 1266 3840; x_wconf 87' lang='lat' dir='ltr'><strong>propagata,</strong></span> <span class='ocrx_word' id='word_1_1073' title='bbox 1289 3775 1362 3824; x_wconf 88' lang='lat' dir='ltr'><strong>simul</strong></span> <span class='ocrx_word' id='word_1_1074' title='bbox 1387 3775 1419 3823; x_wconf 88' lang='lat' dir='ltr'><strong>ab</strong></span> <span class='ocrx_word' id='word_1_1075' title='bbox 1437 3775 1525 3824; x_wconf 88' lang='lat' dir='ltr'><strong>eodem</strong></span> <span class='ocrx_word' id='word_1_1076' title='bbox 1541 3790 1632 3824; x_wconf 89' lang='lat' dir='ltr'><strong>nomen</strong></span> <span class='ocrx_word' id='word_1_1077' title='bbox 1659 3777 1766 3836; x_wconf 85' lang='lat' dir='ltr'><strong>acecpit</strong></span> <span class='ocrx_word' id='word_1_1078' title='bbox 1784 3774 1830 3825; x_wconf 78' lang='lat' dir='ltr'><strong>Er·</strong></span> 
     </span>
     <span class='ocr_line' id='line_1_148' title="bbox 1009 3836 1829 3900; baseline 0.001 -14"><span class='ocrx_word' id='word_1_1079' title='bbox 1009 3851 1076 3887; x_wconf 88' lang='lat' dir='ltr'><strong>rores</strong></span> <span class='ocrx_word' id='word_1_1080' title='bbox 1091 3846 1176 3887; x_wconf 88' lang='lat' dir='ltr'><strong>autom</strong></span> <span class='ocrx_word' id='word_1_1081' title='bbox 1191 3851 1250 3887; x_wconf 90' lang='lat' dir='ltr'><strong>sues</strong></span> <span class='ocrx_word' id='word_1_1082' title='bbox 1262 3837 1293 3887; x_wconf 91' lang='lat' dir='ltr'><strong>ab</strong></span> <span class='ocrx_word' id='word_1_1083' title='bbox 1305 3836 1422 3887; x_wconf 91' lang='lat' dir='ltr'><strong>omnibus</strong></span> <span class='ocrx_word' id='word_1_1084' title='bbox 1436 3836 1496 3893; x_wconf 87' lang='lat' dir='ltr'><strong>iere,</strong></span> <span class='ocrx_word' id='word_1_1085' title='bbox 1518 3838 1562 3900; x_wconf 91' lang='lat' dir='ltr'><strong>qni</strong></span> <span class='ocrx_word' id='word_1_1086' title='bbox 1578 3846 1649 3886; x_wconf 87' lang='lat' dir='ltr'><strong>antea</strong></span> <span class='ocrx_word' id='word_1_1087' title='bbox 1671 3837 1829 3893; x_wconf 73' lang='lat' dir='ltr'><strong>exstiterant,</strong></span> 
     </span>
     <span class='ocr_line' id='line_1_149' title="bbox 1008 3898 1831 3949; baseline 0.002 -2"><span class='ocrx_word' id='word_1_1088' title='bbox 1008 3898 1130 3949; x_wconf 75' lang='lat' dir='ltr'><strong>hereticis</strong></span> <span class='ocrx_word' id='word_1_1089' title='bbox 1145 3907 1299 3949; x_wconf 85' lang='lat' dir='ltr'><strong>metuerunt.</strong></span> <span class='ocrx_word' id='word_1_1090' title='bbox 1315 3899 1385 3948; x_wconf 85' lang='lat' dir='ltr'><strong>Nam.</strong></span> <span class='ocrx_word' id='word_1_1091' title='bbox 1400 3902 1423 3947; x_wconf 93' lang='lat' dir='ltr'><strong>l.</strong></span> <span class='ocrx_word' id='word_1_1092' title='bbox 1439 3913 1496 3947; x_wconf 90' lang='lat' dir='ltr'><strong>curn</strong></span> <span class='ocrx_word' id='word_1_1093' title='bbox 1507 3898 1616 3949; x_wconf 86' lang='lat' dir='ltr'><strong>Sabellio</strong></span> <span class='ocrx_word' id='word_1_1094' title='bbox 1626 3899 1831 3949; x_wconf 85' lang='lat' dir='ltr'><strong>nnamduntaxat</strong></span> 
     </span>
     <span class='ocr_line' id='line_1_150' title="bbox 1008 3960 1829 4023; baseline 0.004 -14"><span class='ocrx_word' id='word_1_1095' title='bbox 1008 3962 1033 4009; x_wconf 94' lang='lat' dir='ltr'><strong>in</strong></span> <span class='ocrx_word' id='word_1_1096' title='bbox 1047 3961 1096 4010; x_wconf 89' lang='lat' dir='ltr'><strong>lleo</strong></span> <span class='ocrx_word' id='word_1_1097' title='bbox 1108 3974 1240 4023; x_wconf 81' lang='lat' dir='ltr'><strong>personans</strong></span> <span class='ocrx_word' id='word_1_1098' title='bbox 1252 3961 1429 4023; x_wconf 86' lang='lat' dir='ltr'><strong>agnoscebant.</strong></span> <span class='ocrx_word' id='word_1_1099' title='bbox 1445 3964 1468 4008; x_wconf 75' lang='lat'><strong>2.</strong></span> <span class='ocrx_word' id='word_1_1100' title='bbox 1492 3960 1555 4011; x_wconf 93' lang='lat' dir='ltr'><strong>Cum</strong></span> <span class='ocrx_word' id='word_1_1101' title='bbox 1576 3961 1677 4012; x_wconf 78' lang='lat' dir='ltr'><strong>Arianis</strong></span> <span class='ocrx_word' id='word_1_1102' title='bbox 1703 3960 1735 4011; x_wconf 92' lang='lat' dir='ltr'><strong>de</strong></span> <span class='ocrx_word' id='word_1_1103' title='bbox 1764 3961 1829 4012; x_wconf 81' lang='lat' dir='ltr'><strong>rino</strong></span> 
     </span>
     <span class='ocr_line' id='line_1_151' title="bbox 1007 4022 1830 4088; baseline 0.004 -17"><span class='ocrx_word' id='word_1_1104' title='bbox 1007 4023 1150 4081; x_wconf 80' lang='lat' dir='ltr'><strong>sentientes,</strong></span> <span class='ocrx_word' id='word_1_1105' title='bbox 1167 4022 1289 4086; x_wconf 83' lang='lat' dir='ltr'><strong>quasdam</strong></span> <span class='ocrx_word' id='word_1_1106' title='bbox 1311 4023 1419 4074; x_wconf 85' lang='lat' dir='ltr'><strong>virtutes</strong></span> <span class='ocrx_word' id='word_1_1107' title='bbox 1445 4036 1474 4071; x_wconf 84' lang='lat' dir='ltr'><strong>er</strong></span> <span class='ocrx_word' id='word_1_1108' title='bbox 1498 4024 1548 4073; x_wconf 87' lang='lat' dir='ltr'><strong>beo</strong></span> <span class='ocrx_word' id='word_1_1109' title='bbox 1573 4025 1680 4087; x_wconf 86' lang='lat' dir='ltr'><strong>coepisse</strong></span> <span class='ocrx_word' id='word_1_1110' title='bbox 1698 4024 1830 4088; x_wconf 81' lang='lat' dir='ltr'><strong>procedere</strong></span> 
     </span>
     <span class='ocr_line' id='line_1_152' title="bbox 1006 4083 1829 4151; baseline 0 -17"><span class='ocrx_word' id='word_1_1111' title='bbox 1006 4084 1181 4146; x_wconf 88' lang='lat' dir='ltr'><strong>somniabaut;</strong></span> <span class='ocrx_word' id='word_1_1112' title='bbox 1200 4083 1304 4134; x_wconf 89' lang='lat' dir='ltr'><strong>diabolo</strong></span> <span class='ocrx_word' id='word_1_1113' title='bbox 1320 4100 1379 4137; x_wconf 87' lang='lat' dir='ltr'><strong>vero</strong></span> <span class='ocrx_word' id='word_1_1114' title='bbox 1401 4100 1531 4151; x_wconf 88' lang='lat' dir='ltr'><strong>nunquam</strong></span> <span class='ocrx_word' id='word_1_1115' title='bbox 1549 4088 1626 4136; x_wconf 89' lang='lat' dir='ltr'><strong>inisse</strong></span> <span class='ocrx_word' id='word_1_1116' title='bbox 1654 4086 1759 4145; x_wconf 87' lang='lat' dir='ltr'><strong>honum,</strong></span> <span class='ocrx_word' id='word_1_1117' title='bbox 1784 4100 1829 4136; x_wconf 85' lang='lat' dir='ltr'><strong>ne·</strong></span> 
     </span>
     <span class='ocr_line' id='line_1_153' title="bbox 1006 4148 1826 4211; baseline 0.002 -15"><span class='ocrx_word' id='word_1_1118' title='bbox 1006 4161 1055 4210; x_wconf 90' lang='lat' dir='ltr'><strong>qne</strong></span> <span class='ocrx_word' id='word_1_1119' title='bbox 1070 4148 1124 4211; x_wconf 69' lang='lat' dir='ltr'><strong>ugus</strong></span> <span class='ocrx_word' id='word_1_1120' title='bbox 1141 4155 1257 4197; x_wconf 89' lang='lat' dir='ltr'><strong>naturam</strong></span> <span class='ocrx_word' id='word_1_1121' title='bbox 1273 4162 1327 4198; x_wconf 88' lang='lat' dir='ltr'><strong>esse</strong></span> <span class='ocrx_word' id='word_1_1122' title='bbox 1344 4148 1454 4199; x_wconf 84' lang='lat' dir='ltr'><strong>cilicium</strong></span> <span class='ocrx_word' id='word_1_1123' title='bbox 1470 4149 1523 4211; x_wconf 88' lang='lat' dir='ltr'><strong>bei,</strong></span> <span class='ocrx_word' id='word_1_1124' title='bbox 1539 4151 1582 4199; x_wconf 90' lang='lat' dir='ltr'><strong>sed</strong></span> <span class='ocrx_word' id='word_1_1125' title='bbox 1600 4163 1631 4198; x_wconf 84' lang='lat' dir='ltr'><strong>es</strong></span> <span class='ocrx_word' id='word_1_1126' title='bbox 1653 4149 1717 4197; x_wconf 80' lang='lat' dir='ltr'><strong>chao</strong></span> <span class='ocrx_word' id='word_1_1127' title='bbox 1741 4156 1767 4198; x_wconf 88' lang='lat' dir='ltr'><strong>et</strong></span> <span class='ocrx_word' id='word_1_1128' title='bbox 1789 4157 1826 4198; x_wconf 87' lang='lat' dir='ltr'><strong>te·</strong></span> 
     </span>
     <span class='ocr_line' id='line_1_154' title="bbox 1006 4209 1827 4275; baseline 0.002 -18"><span class='ocrx_word' id='word_1_1129' title='bbox 1006 4209 1092 4259; x_wconf 89' lang='lat' dir='ltr'><strong>nebris</strong></span> <span class='ocrx_word' id='word_1_1130' title='bbox 1115 4209 1255 4269; x_wconf 84' lang='lat' dir='ltr'><strong>emersisse,</strong></span> <span class='ocrx_word' id='word_1_1131' title='bbox 1287 4210 1409 4275; x_wconf 90' lang='lat' dir='ltr'><strong>illumque</strong></span> <span class='ocrx_word' id='word_1_1132' title='bbox 1440 4212 1522 4262; x_wconf 88' lang='lat' dir='ltr'><strong>omnis</strong></span> <span class='ocrx_word' id='word_1_1133' title='bbox 1556 4211 1614 4261; x_wconf 87' lang='lat' dir='ltr'><strong>mali</strong></span> <span class='ocrx_word' id='word_1_1134' title='bbox 1635 4209 1786 4273; x_wconf 88' lang='lat' dir='ltr'><strong>principium</strong></span> <span class='ocrx_word' id='word_1_1135' title='bbox 1802 4215 1827 4259; x_wconf 89' lang='lat' dir='ltr'><strong>et</strong></span> 
     </span>
     <span class='ocr_line' id='line_1_155' title="bbox 1006 4271 1829 4338; baseline 0.004 -19"><span class='ocrx_word' id='word_1_1136' title='bbox 1006 4271 1175 4323; x_wconf 88' lang='lat' dir='ltr'><strong>substantiam</strong></span> <span class='ocrx_word' id='word_1_1137' title='bbox 1192 4286 1257 4331; x_wconf 86' lang='lat' dir='ltr'><strong>esse,</strong></span> <span class='ocrx_word' id='word_1_1138' title='bbox 1277 4273 1390 4338; x_wconf 84' lang='lat' dir='ltr'><strong>adeoque</strong></span> <span class='ocrx_word' id='word_1_1139' title='bbox 1406 4281 1431 4323; x_wconf 91' lang='lat' dir='ltr'><strong>et</strong></span> <span class='ocrx_word' id='word_1_1140' title='bbox 1453 4288 1585 4337; x_wconf 89' lang='lat' dir='ltr'><strong>corporum</strong></span> <span class='ocrx_word' id='word_1_1141' title='bbox 1602 4272 1678 4322; x_wconf 90' lang='lat' dir='ltr'><strong>etiam</strong></span> <span class='ocrx_word' id='word_1_1142' title='bbox 1706 4272 1829 4322; x_wconf 85' lang='lat' dir='ltr'><strong>humano·</strong></span> 
     </span>
     <span class='ocr_line' id='line_1_156' title="bbox 1005 4334 1828 4400; baseline 0.004 -19"><span class='ocrx_word' id='word_1_1143' title='bbox 1005 4348 1075 4394; x_wconf 90' lang='lat' dir='ltr'><strong>rnm;</strong></span> <span class='ocrx_word' id='word_1_1144' title='bbox 1092 4343 1117 4384; x_wconf 92' lang='lat' dir='ltr'><strong>et</strong></span> <span class='ocrx_word' id='word_1_1145' title='bbox 1134 4335 1192 4385; x_wconf 89' lang='lat' dir='ltr'><strong>hinc</strong></span> <span class='ocrx_word' id='word_1_1146' title='bbox 1212 4350 1227 4383; x_wconf 94' lang='lat' dir='ltr'><strong>a</strong></span> <span class='ocrx_word' id='word_1_1147' title='bbox 1244 4335 1362 4385; x_wconf 88' lang='lat' dir='ltr'><strong>carnibus</strong></span> <span class='ocrx_word' id='word_1_1148' title='bbox 1377 4349 1480 4400; x_wconf 90' lang='lat' dir='ltr'><strong>queque</strong></span> <span class='ocrx_word' id='word_1_1149' title='bbox 1493 4334 1685 4384; x_wconf 83' lang='lat' dir='ltr'><strong>abstinebantet</strong></span> <span class='ocrx_word' id='word_1_1150' title='bbox 1700 4334 1828 4384; x_wconf 87' lang='lat' dir='ltr'><strong>Christum</strong></span> 
     </span>
     <span class='ocr_line' id='line_1_157' title="bbox 1004 4395 1828 4448; baseline 0.005 -6"><span class='ocrx_word' id='word_1_1151' title='bbox 1004 4409 1086 4445; x_wconf 86' lang='lat' dir='ltr'><strong>vetant</strong></span> <span class='ocrx_word' id='word_1_1152' title='bbox 1102 4397 1219 4447; x_wconf 84' lang='lat' dir='ltr'><strong>habuisse</strong></span> <span class='ocrx_word' id='word_1_1153' title='bbox 1234 4412 1332 4447; x_wconf 90' lang='lat' dir='ltr'><strong>caruem</strong></span> <span class='ocrx_word' id='word_1_1154' title='bbox 1348 4412 1378 4447; x_wconf 88' lang='lat' dir='ltr'><strong>ne</strong></span> <span class='ocrx_word' id='word_1_1155' title='bbox 1396 4397 1479 4448; x_wconf 84' lang='lat' dir='ltr'><strong>abant.</strong></span> <span class='ocrx_word' id='word_1_1156' title='bbox 1503 4400 1525 4446; x_wconf 87' lang='grc'><strong>3.</strong></span> <span class='ocrx_word' id='word_1_1157' title='bbox 1540 4396 1603 4445; x_wconf 90' lang='lat' dir='ltr'><strong>Cum</strong></span> <span class='ocrx_word' id='word_1_1158' title='bbox 1627 4395 1828 4447; x_wconf 70' lang='lat' dir='ltr'><strong>manichaismi-</strong></span> 
     </span>
     <span class='ocr_line' id='line_1_158' title="bbox 1005 4455 1825 4521; baseline 0.002 -15"><span class='ocrx_word' id='word_1_1159' title='bbox 1005 4459 1188 4510; x_wconf 89' lang='lat' dir='ltr'><strong>mamhominis</strong></span> <span class='ocrx_word' id='word_1_1160' title='bbox 1222 4460 1353 4508; x_wconf 85' lang='lat' dir='ltr'><strong>artictrlani</strong></span> <span class='ocrx_word' id='word_1_1161' title='bbox 1393 4460 1464 4508; x_wconf 84' lang='lat' dir='ltr'><strong>&#39;vium</strong></span> <span class='ocrx_word' id='word_1_1162' title='bbox 1488 4471 1542 4506; x_wconf 84' lang='lat' dir='ltr'><strong>esse</strong></span> <span class='ocrx_word' id='word_1_1163' title='bbox 1569 4455 1718 4504; x_wconf 74' lang='lat' dir='ltr'><strong>substantiae</strong></span> <span class='ocrx_word' id='word_1_1164' title='bbox 1749 4459 1825 4521; x_wconf 87' lang='lat' dir='ltr'><strong>linge·</strong></span> 
     </span>
     <span class='ocr_line' id='line_1_159' title="bbox 1003 4473 1829 4584; baseline 0.001 -15"><span class='ocrx_word' id='word_1_1165' title='bbox 1003 4518 1071 4569; x_wconf 90' lang='lat' dir='ltr'><strong>bant.</strong></span> <span class='ocrx_word' id='word_1_1166' title='bbox 1088 4526 1111 4572; x_wconf 78' lang='lat' dir='ltr'><strong>s.</strong></span> <span class='ocrx_word' id='word_1_1167' title='bbox 1126 4520 1189 4572; x_wconf 92' lang='lat' dir='ltr'><strong>Cum</strong></span> <span class='ocrx_word' id='word_1_1168' title='bbox 1204 4473 1311 4584; x_wconf 64' lang='lat' dir='ltr'><strong>Birgena</strong></span> <span class='ocrx_word' id='word_1_1169' title='bbox 1325 4520 1423 4571; x_wconf 83' lang='lat' dir='ltr'><strong>animas</strong></span> <span class='ocrx_word' id='word_1_1170' title='bbox 1439 4520 1509 4583; x_wconf 91' lang='lat' dir='ltr'><strong>prius</strong></span> <span class='ocrx_word' id='word_1_1171' title='bbox 1523 4519 1549 4566; x_wconf 91' lang='lat' dir='ltr'><strong>in</strong></span> <span class='ocrx_word' id='word_1_1172' title='bbox 1564 4518 1628 4567; x_wconf 79' lang='lat' dir='ltr'><strong>curlo</strong></span> <span class='ocrx_word' id='word_1_1173' title='bbox 1650 4530 1768 4580; x_wconf 88' lang='lat' dir='ltr'><strong>peccasse</strong></span> <span class='ocrx_word' id='word_1_1174' title='bbox 1792 4520 1829 4569; x_wconf 90' lang='lat' dir='ltr'><strong>di·</strong></span> 
     </span>
     <span class='ocr_line' id='line_1_160' title="bbox 1002 4579 1826 4648; baseline -0.004 -16"><span class='ocrx_word' id='word_1_1175' title='bbox 1002 4582 1101 4646; x_wconf 85' lang='lat' dir='ltr'><strong>cebant,</strong></span> <span class='ocrx_word' id='word_1_1176' title='bbox 1118 4591 1142 4633; x_wconf 89' lang='lat' dir='ltr'><strong>et</strong></span> <span class='ocrx_word' id='word_1_1177' title='bbox 1156 4585 1182 4634; x_wconf 91' lang='lat' dir='ltr'><strong>iu</strong></span> <span class='ocrx_word' id='word_1_1178' title='bbox 1196 4595 1296 4648; x_wconf 87' lang='lat' dir='ltr'><strong>poenam</strong></span> <span class='ocrx_word' id='word_1_1179' title='bbox 1311 4582 1391 4632; x_wconf 88' lang='lat' dir='ltr'><strong>inisse</strong></span> <span class='ocrx_word' id='word_1_1180' title='bbox 1404 4583 1431 4631; x_wconf 92' lang='lat' dir='ltr'><strong>iu</strong></span> <span class='ocrx_word' id='word_1_1181' title='bbox 1449 4593 1555 4635; x_wconf 88' lang='lat' dir='ltr'><strong>cornera</strong></span> <span class='ocrx_word' id='word_1_1182' title='bbox 1574 4579 1701 4632; x_wconf 79' lang='lat' dir='ltr'><strong>detrusas.</strong></span> <span class='ocrx_word' id='word_1_1183' title='bbox 1719 4583 1744 4630; x_wconf 76' lang='lat'><strong>5.</strong></span> <span class='ocrx_word' id='word_1_1184' title='bbox 1763 4581 1826 4633; x_wconf 84' lang='lat' dir='ltr'><strong>Cura</strong></span> 
     </span>
     <span class='ocr_line' id='line_1_161' title="bbox 1001 4642 1827 4706; baseline -0.001 -11"><span class='ocrx_word' id='word_1_1185' title='bbox 1001 4644 1092 4695; x_wconf 87' lang='lat' dir='ltr'><strong>Stoicis</strong></span> <span class='ocrx_word' id='word_1_1186' title='bbox 1119 4647 1233 4696; x_wconf 89' lang='lat' dir='ltr'><strong>homines</strong></span> <span class='ocrx_word' id='word_1_1187' title='bbox 1259 4658 1308 4693; x_wconf 90' lang='lat' dir='ltr'><strong>nou</strong></span> <span class='ocrx_word' id='word_1_1188' title='bbox 1330 4651 1418 4706; x_wconf 90' lang='lat' dir='ltr'><strong>sponte</strong></span> <span class='ocrx_word' id='word_1_1189' title='bbox 1440 4649 1464 4690; x_wconf 88' lang='lat' dir='ltr'><strong>et</strong></span> <span class='ocrx_word' id='word_1_1190' title='bbox 1488 4642 1565 4692; x_wconf 90' lang='lat' dir='ltr'><strong>libere</strong></span> <span class='ocrx_word' id='word_1_1191' title='bbox 1589 4656 1692 4706; x_wconf 86' lang='lat' dir='ltr'><strong>peceare</strong></span> <span class='ocrx_word' id='word_1_1192' title='bbox 1713 4643 1827 4706; x_wconf 86' lang='lat' dir='ltr'><strong>aiebant,</strong></span> 
     </span>
     <span class='ocr_line' id='line_1_162' title="bbox 1000 4704 1826 4758; baseline 0.002 -2"><span class='ocrx_word' id='word_1_1193' title='bbox 1000 4707 1044 4756; x_wconf 88' lang='lat' dir='ltr'><strong>sed</strong></span> <span class='ocrx_word' id='word_1_1194' title='bbox 1075 4706 1170 4757; x_wconf 88' lang='lat' dir='ltr'><strong>invitos</strong></span> <span class='ocrx_word' id='word_1_1195' title='bbox 1199 4713 1222 4756; x_wconf 90' lang='lat' dir='ltr'><strong>et</strong></span> <span class='ocrx_word' id='word_1_1196' title='bbox 1255 4704 1324 4755; x_wconf 80' lang='lat' dir='ltr'><strong>fatali</strong></span> <span class='ocrx_word' id='word_1_1197' title='bbox 1348 4705 1460 4755; x_wconf 88' lang='lat' dir='ltr'><strong>siderum</strong></span> <span class='ocrx_word' id='word_1_1198' title='bbox 1488 4705 1635 4754; x_wconf 75' lang='lat' dir='ltr'><strong>rancessit-ate</strong></span> <span class='ocrx_word' id='word_1_1199' title='bbox 1667 4719 1722 4754; x_wconf 88' lang='lat' dir='ltr'><strong>com</strong></span> <span class='ocrx_word' id='word_1_1200' title='bbox 1743 4705 1826 4758; x_wconf 86' lang='lat' dir='ltr'><strong>uisos.</strong></span> 
     </span>
     <span class='ocr_line' id='line_1_163' title="bbox 998 4720 1826 4881; baseline 0.001 -63"><span class='ocrx_word' id='word_1_1201' title='bbox 998 4772 1026 4881; x_wconf 61' lang='lat' dir='ltr'><strong>p.</strong></span> <span class='ocrx_word' id='word_1_1202' title='bbox 1040 4769 1126 4818; x_wconf 88' lang='lat' dir='ltr'><strong>benno</strong></span> <span class='ocrx_word' id='word_1_1203' title='bbox 1141 4782 1197 4818; x_wconf 87' lang='lat' dir='ltr'><strong>cnm</strong></span> <span class='ocrx_word' id='word_1_1204' title='bbox 1205 4766 1349 4818; x_wconf 80' lang='lat' dir='ltr'><strong>Xenichaeis</strong></span> <span class='ocrx_word' id='word_1_1205' title='bbox 1364 4768 1464 4832; x_wconf 89' lang='lat' dir='ltr'><strong>nuptias</strong></span> <span class='ocrx_word' id='word_1_1206' title='bbox 1472 4775 1496 4816; x_wconf 88' lang='lat' dir='ltr'><strong>ct</strong></span> <span class='ocrx_word' id='word_1_1207' title='bbox 1511 4766 1701 4818; x_wconf 90' lang='lat' dir='ltr'><strong>matrimonium</strong></span> <span class='ocrx_word' id='word_1_1208' title='bbox 1716 4720 1826 4819; x_wconf 58' lang='lat' dir='ltr'><strong>samue·</strong></span> 
     </span>
     <span class='ocr_line' id='line_1_164' title="bbox 1017 4838 1068 4881; baseline -0.02 0"><span class='ocrx_word' id='word_1_1209' title='bbox 1017 4838 1068 4881; x_wconf 88' lang='lat' dir='ltr'><strong>ant.</strong></span> 
     </span>
    </p>

    <p class='ocr_par' dir='ltr' id='par_1_27' title="bbox 996 4891 1826 5082">
     <span class='ocr_line' id='line_1_165' title="bbox 1029 4891 1825 4951; baseline 0 -9"><span class='ocrx_word' id='word_1_1210' title='bbox 1029 4893 1219 4951; x_wconf 68' lang='lat' dir='ltr'><strong>denemarca</strong></span> <span class='ocrx_word' id='word_1_1211' title='bbox 1243 4893 1525 4943; x_wconf 76' lang='lat' dir='ltr'><strong>nsraaceoacnrrnra.</strong></span> <span class='ocrx_word' id='word_1_1212' title='bbox 1553 4893 1605 4943; x_wconf 87' lang='lat' dir='ltr'><strong>lloe</strong></span> <span class='ocrx_word' id='word_1_1213' title='bbox 1627 4905 1716 4942; x_wconf 90' lang='lat' dir='ltr'><strong>nomen</strong></span> <span class='ocrx_word' id='word_1_1214' title='bbox 1740 4891 1825 4943; x_wconf 90' lang='lat' dir='ltr'><strong>sertitl</strong></span> 
     </span>
     <span class='ocr_line' id='line_1_166' title="bbox 998 4954 1826 5019; baseline 0.004 -16"><span class='ocrx_word' id='word_1_1215' title='bbox 998 4962 1057 5004; x_wconf 90' lang='lat' dir='ltr'><strong>snat</strong></span> <span class='ocrx_word' id='word_1_1216' title='bbox 1073 4968 1103 5004; x_wconf 85' lang='lat' dir='ltr'><strong>es</strong></span> <span class='ocrx_word' id='word_1_1217' title='bbox 1117 4954 1226 5018; x_wconf 88' lang='lat' dir='ltr'><strong>palmari</strong></span> <span class='ocrx_word' id='word_1_1218' title='bbox 1238 4968 1285 5006; x_wconf 87' lang='lat' dir='ltr'><strong>eno</strong></span> <span class='ocrx_word' id='word_1_1219' title='bbox 1295 4968 1385 5016; x_wconf 88' lang='lat' dir='ltr'><strong>errare,</strong></span> <span class='ocrx_word' id='word_1_1220' title='bbox 1401 4969 1452 5019; x_wconf 92' lang='lat' dir='ltr'><strong>qua</strong></span> <span class='ocrx_word' id='word_1_1221' title='bbox 1463 4955 1604 5006; x_wconf 88' lang='lat' dir='ltr'><strong>sentiebant</strong></span> <span class='ocrx_word' id='word_1_1222' title='bbox 1618 4955 1759 5005; x_wconf 85' lang='lat' dir='ltr'><strong>beumesse</strong></span> <span class='ocrx_word' id='word_1_1223' title='bbox 1773 4968 1826 5006; x_wconf 90' lang='lat' dir='ltr'><strong>cur·</strong></span> 
     </span>
     <span class='ocr_line' id='line_1_167' title="bbox 996 5016 1788 5082; baseline 0 -16"><span class='ocrx_word' id='word_1_1224' title='bbox 996 5030 1111 5080; x_wconf 87' lang='lat' dir='ltr'><strong>porcum,</strong></span> <span class='ocrx_word' id='word_1_1225' title='bbox 1121 5025 1145 5066; x_wconf 93' lang='lat' dir='ltr'><strong>et</strong></span> <span class='ocrx_word' id='word_1_1226' title='bbox 1158 5016 1266 5068; x_wconf 88' lang='lat' dir='ltr'><strong>membra</strong></span> <span class='ocrx_word' id='word_1_1227' title='bbox 1280 5017 1312 5067; x_wconf 89' lang='lat' dir='ltr'><strong>ad</strong></span> <span class='ocrx_word' id='word_1_1228' title='bbox 1325 5018 1431 5067; x_wconf 82' lang='lat' dir='ltr'><strong>sormam</strong></span> <span class='ocrx_word' id='word_1_1229' title='bbox 1446 5019 1548 5069; x_wconf 90' lang='lat' dir='ltr'><strong>humani</strong></span> <span class='ocrx_word' id='word_1_1230' title='bbox 1559 5018 1674 5082; x_wconf 91' lang='lat' dir='ltr'><strong>corporis</strong></span> <span class='ocrx_word' id='word_1_1231' title='bbox 1687 5016 1788 5067; x_wconf 85' lang='lat' dir='ltr'><strong>babere.</strong></span> 
     </span>
    </p>

    <p class='ocr_par' dir='ltr' id='par_1_28' title="bbox 991 5076 1824 5768">
     <span class='ocr_line' id='line_1_168' title="bbox 1027 5076 1822 5142; baseline -0.001 -14"><span class='ocrx_word' id='word_1_1232' title='bbox 1027 5076 1216 5130; x_wconf 79' lang='lat' dir='ltr'><strong>irivrsnstsrss.</strong></span> <span class='ocrx_word' id='word_1_1233' title='bbox 1233 5108 1261 5117; x_wconf 93' lang='lat'><em>—</em></span> <span class='ocrx_word' id='word_1_1234' title='bbox 1286 5079 1344 5131; x_wconf 82' lang='lat' dir='ltr'><strong>nac</strong></span> <span class='ocrx_word' id='word_1_1235' title='bbox 1367 5080 1461 5132; x_wconf 88' lang='lat' dir='ltr'><strong>heresis</strong></span> <span class='ocrx_word' id='word_1_1236' title='bbox 1483 5096 1571 5131; x_wconf 89' lang='lat' dir='ltr'><strong>nomeu</strong></span> <span class='ocrx_word' id='word_1_1237' title='bbox 1596 5080 1689 5142; x_wconf 83' lang='lat' dir='ltr'><strong>accepit</strong></span> <span class='ocrx_word' id='word_1_1238' title='bbox 1712 5093 1728 5127; x_wconf 91' lang='lat' dir='ltr'><strong>a</strong></span> <span class='ocrx_word' id='word_1_1239' title='bbox 1748 5077 1822 5130; x_wconf 86' lang='lat' dir='ltr'><strong>Jovi-</strong></span> 
     </span>
     <span class='ocr_line' id='line_1_169' title="bbox 996 5140 1824 5208; baseline -0.002 -17"><span class='ocrx_word' id='word_1_1240' title='bbox 996 5141 1080 5199; x_wconf 83' lang='lat' dir='ltr'><strong>uiano,</strong></span> <span class='ocrx_word' id='word_1_1241' title='bbox 1099 5144 1170 5206; x_wconf 82' lang='lat' dir='ltr'><strong>cujus</strong></span> <span class='ocrx_word' id='word_1_1242' title='bbox 1187 5142 1282 5205; x_wconf 89' lang='lat' dir='ltr'><strong>primus</strong></span> <span class='ocrx_word' id='word_1_1243' title='bbox 1297 5157 1365 5192; x_wconf 90' lang='lat' dir='ltr'><strong>error</strong></span> <span class='ocrx_word' id='word_1_1244' title='bbox 1387 5143 1441 5201; x_wconf 87' lang='lat' dir='ltr'><strong>leit,</strong></span> <span class='ocrx_word' id='word_1_1245' title='bbox 1468 5144 1537 5208; x_wconf 88' lang='lat' dir='ltr'><strong>qnod</strong></span> <span class='ocrx_word' id='word_1_1246' title='bbox 1556 5141 1695 5205; x_wconf 83' lang='lat' dir='ltr'><strong>virginitati</strong></span> <span class='ocrx_word' id='word_1_1247' title='bbox 1718 5140 1824 5203; x_wconf 86' lang='lat' dir='ltr'><strong>nuptias</strong></span> 
     </span>
     <span class='ocr_line' id='line_1_170' title="bbox 996 5203 1821 5270; baseline 0 -17"><span class='ocrx_word' id='word_1_1248' title='bbox 996 5206 1081 5267; x_wconf 91' lang='lat' dir='ltr'><strong>quoad</strong></span> <span class='ocrx_word' id='word_1_1249' title='bbox 1100 5205 1217 5254; x_wconf 90' lang='lat' dir='ltr'><strong>meritum</strong></span> <span class='ocrx_word' id='word_1_1250' title='bbox 1247 5205 1397 5270; x_wconf 76' lang='lat' dir='ltr'><strong>adaequaret.</strong></span> <span class='ocrx_word' id='word_1_1251' title='bbox 1419 5206 1548 5255; x_wconf 90' lang='lat' dir='ltr'><strong>Secundus</strong></span> <span class='ocrx_word' id='word_1_1252' title='bbox 1577 5219 1649 5254; x_wconf 90' lang='lat' dir='ltr'><strong>error</strong></span> <span class='ocrx_word' id='word_1_1253' title='bbox 1670 5203 1725 5259; x_wconf 82' lang='lat' dir='ltr'><strong>luit,</strong></span> <span class='ocrx_word' id='word_1_1254' title='bbox 1752 5203 1821 5267; x_wconf 86' lang='lat' dir='ltr'><strong>qnod</strong></span> 
     </span>
     <span class='ocr_line' id='line_1_171' title="bbox 993 5264 1821 5329; baseline -0.001 -13"><span class='ocrx_word' id='word_1_1255' title='bbox 993 5267 1091 5329; x_wconf 80' lang='lat' dir='ltr'><strong>jejunia</strong></span> <span class='ocrx_word' id='word_1_1256' title='bbox 1107 5274 1132 5316; x_wconf 91' lang='lat' dir='ltr'><strong>et</strong></span> <span class='ocrx_word' id='word_1_1257' title='bbox 1146 5267 1324 5316; x_wconf 88' lang='lat' dir='ltr'><strong>abstinentiam</strong></span> <span class='ocrx_word' id='word_1_1258' title='bbox 1339 5282 1355 5317; x_wconf 91' lang='lat' dir='ltr'><strong>a</strong></span> <span class='ocrx_word' id='word_1_1259' title='bbox 1368 5267 1440 5317; x_wconf 87' lang='lat' dir='ltr'><strong>certis</strong></span> <span class='ocrx_word' id='word_1_1260' title='bbox 1458 5267 1519 5317; x_wconf 88' lang='lat' dir='ltr'><strong>cibis</strong></span> <span class='ocrx_word' id='word_1_1261' title='bbox 1533 5268 1633 5315; x_wconf 73' lang='lat' dir='ltr'><strong>eluceret</strong></span> <span class='ocrx_word' id='word_1_1262' title='bbox 1655 5264 1688 5315; x_wconf 89' lang='lat' dir='ltr'><strong>ad</strong></span> <span class='ocrx_word' id='word_1_1263' title='bbox 1711 5266 1821 5315; x_wconf 86' lang='lat' dir='ltr'><strong>salntem</strong></span> 
     </span>
     <span class='ocr_line' id='line_1_172' title="bbox 996 5327 1821 5394; baseline -0.001 -16"><span class='ocrx_word' id='word_1_1264' title='bbox 996 5329 1059 5378; x_wconf 88' lang='lat' dir='ltr'><strong>nihil</strong></span> <span class='ocrx_word' id='word_1_1265' title='bbox 1075 5330 1203 5393; x_wconf 87' lang='lat' dir='ltr'><strong>prodesse.</strong></span> <span class='ocrx_word' id='word_1_1266' title='bbox 1218 5329 1316 5380; x_wconf 83' lang='lat' dir='ltr'><strong>Tertius</strong></span> <span class='ocrx_word' id='word_1_1267' title='bbox 1331 5337 1394 5387; x_wconf 88' lang='lat' dir='ltr'><strong>crat,</strong></span> <span class='ocrx_word' id='word_1_1268' title='bbox 1420 5331 1488 5393; x_wconf 77' lang='lat' dir='ltr'><strong>equod</strong></span> <span class='ocrx_word' id='word_1_1269' title='bbox 1508 5330 1549 5394; x_wconf 87' lang='lat' dir='ltr'><strong>qni</strong></span> <span class='ocrx_word' id='word_1_1270' title='bbox 1570 5329 1643 5393; x_wconf 86' lang='lat' dir='ltr'><strong>plena</strong></span> <span class='ocrx_word' id='word_1_1271' title='bbox 1660 5327 1708 5376; x_wconf 85' lang='lat' dir='ltr'><strong>dde</strong></span> <span class='ocrx_word' id='word_1_1272' title='bbox 1724 5328 1749 5377; x_wconf 91' lang='lat' dir='ltr'><strong>in</strong></span> <span class='ocrx_word' id='word_1_1273' title='bbox 1776 5327 1821 5377; x_wconf 86' lang='lat' dir='ltr'><strong>ba·</strong></span> 
     </span>
     <span class='ocr_line' id='line_1_173' title="bbox 996 5388 1822 5456; baseline -0.002 -15"><span class='ocrx_word' id='word_1_1274' title='bbox 996 5392 1088 5456; x_wconf 90' lang='lat' dir='ltr'><strong>ptismo</strong></span> <span class='ocrx_word' id='word_1_1275' title='bbox 1116 5391 1198 5441; x_wconf 89' lang='lat' dir='ltr'><strong>renati</strong></span> <span class='ocrx_word' id='word_1_1276' title='bbox 1215 5400 1282 5451; x_wconf 80' lang='lat' dir='ltr'><strong>sunt,</strong></span> <span class='ocrx_word' id='word_1_1277' title='bbox 1301 5392 1432 5443; x_wconf 91' lang='lat' dir='ltr'><strong>adiaheln</strong></span> <span class='ocrx_word' id='word_1_1278' title='bbox 1452 5406 1501 5442; x_wconf 89' lang='lat' dir='ltr'><strong>nen</strong></span> <span class='ocrx_word' id='word_1_1279' title='bbox 1520 5393 1618 5455; x_wconf 88' lang='lat' dir='ltr'><strong>possint</strong></span> <span class='ocrx_word' id='word_1_1280' title='bbox 1638 5390 1749 5439; x_wconf 76' lang='lat' dir='ltr'><strong>subverti</strong></span> <span class='ocrx_word' id='word_1_1281' title='bbox 1766 5388 1822 5440; x_wconf 85' lang='lat' dir='ltr'><strong>sire</strong></span> 
     </span>
     <span class='ocr_line' id='line_1_174' title="bbox 994 5451 1823 5517; baseline -0.001 -14"><span class='ocrx_word' id='word_1_1282' title='bbox 994 5468 1107 5517; x_wconf 85' lang='lat' dir='ltr'><strong>peccare.</strong></span> <span class='ocrx_word' id='word_1_1283' title='bbox 1121 5455 1230 5516; x_wconf 79' lang='lat' dir='ltr'><strong>Quartus</strong></span> <span class='ocrx_word' id='word_1_1284' title='bbox 1242 5454 1297 5512; x_wconf 87' lang='lat' dir='ltr'><strong>init,</strong></span> <span class='ocrx_word' id='word_1_1285' title='bbox 1319 5454 1387 5517; x_wconf 92' lang='lat' dir='ltr'><strong>quod</strong></span> <span class='ocrx_word' id='word_1_1286' title='bbox 1413 5468 1469 5503; x_wconf 89' lang='lat' dir='ltr'><strong>cnm</strong></span> <span class='ocrx_word' id='word_1_1287' title='bbox 1494 5454 1588 5503; x_wconf 81' lang='lat' dir='ltr'><strong>Stoicis</strong></span> <span class='ocrx_word' id='word_1_1288' title='bbox 1611 5453 1712 5502; x_wconf 84' lang='lat' dir='ltr'><strong>doceret</strong></span> <span class='ocrx_word' id='word_1_1289' title='bbox 1735 5451 1823 5502; x_wconf 88' lang='lat' dir='ltr'><strong>omnia</strong></span> 
     </span>
     <span class='ocr_line' id='line_1_175' title="bbox 993 5515 1822 5589; baseline -0.002 -23"><span class='ocrx_word' id='word_1_1290' title='bbox 993 5524 1097 5580; x_wconf 88' lang='lat' dir='ltr'><strong>peccata</strong></span> <span class='ocrx_word' id='word_1_1291' title='bbox 1112 5531 1168 5567; x_wconf 85' lang='lat' dir='ltr'><strong>csse</strong></span> <span class='ocrx_word' id='word_1_1292' title='bbox 1183 5518 1208 5565; x_wconf 94' lang='lat' dir='ltr'><strong>iu</strong></span> <span class='ocrx_word' id='word_1_1293' title='bbox 1223 5517 1344 5580; x_wconf 85' lang='lat' dir='ltr'><strong>gravitate</strong></span> <span class='ocrx_word' id='word_1_1294' title='bbox 1368 5518 1455 5579; x_wconf 89' lang='lat' dir='ltr'><strong>paria;</strong></span> <span class='ocrx_word' id='word_1_1295' title='bbox 1482 5516 1541 5566; x_wconf 89' lang='lat' dir='ltr'><strong>item</strong></span> <span class='ocrx_word' id='word_1_1296' title='bbox 1560 5517 1632 5589; x_wconf 87' lang='lat' dir='ltr'><strong>paria</strong></span> <span class='ocrx_word' id='word_1_1297' title='bbox 1654 5529 1709 5564; x_wconf 87' lang='lat' dir='ltr'><strong>esse</strong></span> <span class='ocrx_word' id='word_1_1298' title='bbox 1735 5515 1822 5564; x_wconf 84' lang='lat' dir='ltr'><strong>carnia</strong></span> 
     </span>
     <span class='ocr_line' id='line_1_176' title="bbox 993 5579 1821 5644; baseline 0.001 -17"><span class='ocrx_word' id='word_1_1299' title='bbox 993 5580 1182 5644; x_wconf 69' lang='lat' dir='ltr'><strong>meritamque</strong></span> <span class='ocrx_word' id='word_1_1300' title='bbox 1200 5593 1284 5643; x_wconf 88' lang='lat' dir='ltr'><strong>pacem</strong></span> <span class='ocrx_word' id='word_1_1301' title='bbox 1309 5579 1413 5644; x_wconf 90' lang='lat' dir='ltr'><strong>proinde</strong></span> <span class='ocrx_word' id='word_1_1302' title='bbox 1428 5580 1541 5629; x_wconf 87' lang='lat' dir='ltr'><strong>omniurn</strong></span> <span class='ocrx_word' id='word_1_1303' title='bbox 1558 5592 1583 5627; x_wconf 89' lang='lat' dir='ltr'><strong>in</strong></span> <span class='ocrx_word' id='word_1_1304' title='bbox 1608 5579 1678 5628; x_wconf 82' lang='lat' dir='ltr'><strong>emhs</strong></span> <span class='ocrx_word' id='word_1_1305' title='bbox 1706 5591 1821 5628; x_wconf 78' lang='lat' dir='ltr'><strong>teuteus·</strong></span> 
     </span>
     <span class='ocr_line' id='line_1_177' title="bbox 992 5640 1819 5706; baseline 0 -16"><span class='ocrx_word' id='word_1_1306' title='bbox 992 5641 1097 5692; x_wconf 88' lang='lat' dir='ltr'><strong>rationis</strong></span> <span class='ocrx_word' id='word_1_1307' title='bbox 1114 5641 1227 5706; x_wconf 91' lang='lat' dir='ltr'><strong>gradum.</strong></span> <span class='ocrx_word' id='word_1_1308' title='bbox 1251 5641 1365 5692; x_wconf 80' lang='lat' dir='ltr'><strong>hddebat</strong></span> <span class='ocrx_word' id='word_1_1309' title='bbox 1384 5640 1489 5706; x_wconf 87' lang='lat' dir='ltr'><strong>denique</strong></span> <span class='ocrx_word' id='word_1_1310' title='bbox 1516 5640 1634 5704; x_wconf 88' lang='lat' dir='ltr'><strong>quintum</strong></span> <span class='ocrx_word' id='word_1_1311' title='bbox 1657 5642 1723 5691; x_wconf 92' lang='lat' dir='ltr'><strong>hunc</strong></span> <span class='ocrx_word' id='word_1_1312' title='bbox 1747 5654 1819 5691; x_wconf 90' lang='lat' dir='ltr'><strong>erro·</strong></span> 
     </span>
     <span class='ocr_line' id='line_1_178' title="bbox 991 5702 1819 5768; baseline 0.004 -16"><span class='ocrx_word' id='word_1_1313' title='bbox 991 5717 1052 5761; x_wconf 89' lang='lat' dir='ltr'><strong>rem,</strong></span> <span class='ocrx_word' id='word_1_1314' title='bbox 1068 5704 1170 5768; x_wconf 87' lang='lat' dir='ltr'><strong>quando</strong></span> <span class='ocrx_word' id='word_1_1315' title='bbox 1186 5703 1214 5753; x_wconf 78' lang='lat' dir='ltr'><strong>ll.</strong></span> <span class='ocrx_word' id='word_1_1316' title='bbox 1231 5702 1316 5764; x_wconf 83' lang='lat' dir='ltr'><strong>Virgo,</strong></span> <span class='ocrx_word' id='word_1_1317' title='bbox 1334 5703 1392 5754; x_wconf 89' lang='lat' dir='ltr'><strong>licet</strong></span> <span class='ocrx_word' id='word_1_1318' title='bbox 1405 5710 1463 5754; x_wconf 89' lang='lat' dir='ltr'><strong>ante</strong></span> <span class='ocrx_word' id='word_1_1319' title='bbox 1477 5712 1577 5766; x_wconf 85' lang='lat' dir='ltr'><strong>partum</strong></span> <span class='ocrx_word' id='word_1_1320' title='bbox 1595 5704 1664 5768; x_wconf 88' lang='lat' dir='ltr'><strong>virge</strong></span> <span class='ocrx_word' id='word_1_1321' title='bbox 1684 5705 1770 5762; x_wconf 85' lang='lat' dir='ltr'><strong>luerit,</strong></span> <span class='ocrx_word' id='word_1_1322' title='bbox 1793 5710 1819 5755; x_wconf 87' lang='lat' dir='ltr'><strong>et</strong></span> 
     </span>
    </p>
   </div>
   <div class='ocr_carea' id='block_1_15' title="bbox 0 0 1880 6038">
    <p class='ocr_par' dir='ltr' id='par_1_29' title="bbox 0 0 1880 6038">
     <span class='ocr_line' id='line_1_179' title="bbox 0 0 1880 6038; baseline 0 6"><span class='ocrx_word' id='word_1_1323' title='bbox 0 0 1880 6038; x_wconf 95' lang='lat' dir='ltr'><strong> </strong></span> 
     </span>
    </p>
   </div>
  </div>
 </body>
</html>
