3758 6044
53 173 111 233 tta

53 296 164 356 uenisse,
181 305 229 343 nec
242 289 344 342 realiter
358 303 415 340 esse
429 303 542 354 passum,
557 290 601 342 sed
617 291 699 342 solum
722 301 879 356 apparenter,

54 362 79 409 3.
94 370 182 421 sagam
200 352 328 418 quandam
344 353 525 413 mulierculam,
545 353 647 404 nonnae
671 353 800 415 Helenam,
822 371 879 406 eum

53 435 107 485 qua
130 420 196 469 alam
214 416 284 468 omni
300 429 325 465 se
347 415 481 465 libidinum
502 430 591 477 genero
611 415 745 479 polluebat,
758 432 810 480 yain
824 418 879 467 bla-

55 499 68 533 s
86 480 204 532 hemebat
220 476 305 528 esseS
324 477 410 527 iritum
424 484 547 537 sanctum,
562 480 615 542 jani
637 478 801 529 fadulabatur
825 495 879 529 esse

82 546 203 596 'neriam
218 539 298 592 etsnb
307 492 392 611 liujus
405 538 539 611 simulacro
564 540 619 590 suis
639 540 768 602 discipulis
785 542 881 601 pranc-

55 606 100 658 bat
119 603 284 660 adorandam,
309 608 374 652 sient
397 614 507 664 seipsum
529 602 578 651 snb
600 603 734 652 simulacro
749 602 838 665 lovis,
854 609 878 653 l.

55 670 134 732 legam
149 666 251 718 dicebat
263 677 311 714 non
327 662 417 721 allec,
435 664 478 713 sed
499 677 516 712 a
532 664 635 713 sinistra
651 664 758 728 quadarn
784 666 879 716 intolli-

56 731 142 796 gantia
155 729 233 779 latam
256 726 343 783 luisse,
360 725 427 776 unde
445 726 510 775 dnos
527 725 636 787 lingebat
661 727 738 783 deos;
765 731 788 778 5.
811 728 879 778 omni

57 792 234 854 sublstalegs,
249 787 365 839 achonis
382 788 500 849 operibus
523 788 668 850 eliminatis,
688 788 759 838 velut
775 789 880 840 minime

56 853 218 912 necessariis,
240 851 352 915 amplam
380 851 434 900 suls
456 849 595 900 cultoribus
626 850 657 899 ad
691 864 765 900 omne
797 853 880 902 seclus

56 919 163 980 impune
174 913 324 980 patrandum
336 910 405 961 viam
422 911 557 973 aperiebat,
575 912 706 975 spaciatim
721 927 780 962 vero
801 912 879 964 indif-

56 981 177 1030 ferentem
211 975 363 1026 feminarum
394 987 468 1023 usum
504 974 677 1038 permittebat;
714 977 738 1025 6.
774 976 882 1039 negabat

56 1043 138 1093 earnis
163 1037 367 1090 resurrectionem
389 1049 446 1085 cnm
473 1035 626 1094 Sadducaeis,
653 1039 880 1101 metempsychosin

55 1119 118 1156 vero
134 1116 190 1153 eum
211 1098 367 1164 Pytagoricis
381 1097 535 1161 adstruebat,
555 1098 689 1162 Postquam
715 1100 761 1149 lios
784 1114 880 1150 errores

55 1165 203 1233 pervarias
227 1161 296 1212 orbis
320 1168 402 1222 partes
427 1160 629 1219 circumtulisset,
645 1161 780 1224 multisque
809 1163 880 1214 falsis

56 1228 147 1292 signis,
164 1239 212 1339 (Ἧι
227 1226 370 1294 damonum
387 1222 546 1294 perpetratis,
564 1223 715 1285 persuadere
732 1224 879 1295 studuisset,

57 1291 160 1342 tandem
200 1300 284 1338 oniam
300 1292 377 1343 venit,
392 1284 436 1334 ulii
458 1298 516 1334 euni
537 1287 680 1335 eorumdem
697 1299 745 1347 ope
760 1300 786 1335 iii
803 1287 880 1337 eoelos

57 1353 158 1404 evolare
175 1354 287 1406 tentaret,
304 1360 354 1410 quo
371 1361 398 1396 sa
413 1361 499 1396 verum
514 1347 594 1397 heum
612 1346 739 1410 probaret,
762 1350 880 1412 precibus

58 1416 85 1466 S.
112 1412 181 1464 Petri
204 1423 317 1477 preceps
344 1409 402 1463 ruit.
426 1416 451 1458 et
474 1409 606 1458 confractis
632 1409 745 1468 ossibus,
768 1411 880 1460 animam

56 1477 183 1528 exhalans
212 1474 245 1523 ad
274 1472 369 1521 inferna
388 1471 523 1521 descendit.
547 1471 672 1522 Simeonis
695 1471 813 1534 discipuli
838 1474 880 1522 vel

57 1550 218 1590 successores
232 1535 302 1585 fuere
337 1542 409 1582 ossea
426 1532 570 1588 Menander.
587 1547 605 1583 a
622 1547 673 1596 quo
691 1532 879 1595 ldenandriani;

58 1599 209 1653 Saturninus
226 1610 302 1660 aquo
318 1546 462 1646 Eateraiani
474 1609 480 1655 ;
491 1595 621 1650 basilides.
631 1610 646 1643 a
656 1609 704 1658 qno
719 1595 879 1654 basilidiani:

57 1664 104 1728 qni
119 1661 217 1711 easdem
234 1657 348 1708 insanias
363 1664 533 1720 propagarunt
547 1666 572 1706 et
587 1657 755 1707 adauxerunt.

90 1725 243 1774 Niconiirn.
254 1719 412 1769 -llrrabant
427 1723 450 1768 t.
466 1720 491 1769 in
504 1734 535 1770 eo
549 1719 617 1792 quod
628 1720 744 1769 docerent
758 1720 880 1771 mundum

58 1802 110 1838 non
127 1799 181 1834 esse
195 1785 287 1834 factum
299 1796 316 1830 a
333 1781 394 1839 heo,
417 1781 460 1831 sed
484 1797 500 1830 a
525 1781 697 1845 quibusquam
725 1783 880 1847 principibus

57 1863 124 1914 qnos
134 1844 308 1910 exprimebant
316 1843 463 1893 nominibus
477 1843 591 1894 barbaris
601 1857 630 1893 ac
640 1843 779 1903 horrendis,
790 1845 881 1908 quibus

59 1920 180 1963 terrorem
203 1907 255 1958 suis
277 1905 434 1956 auditoribus
458 1905 614 1956 incuterent:
641 1908 666 1956 3.
696 1905 880 1957 indifferentem

58 1972 213 2024 laminarum
229 1982 304 2018 nsum
319 1966 496 2030 indulgebant;
505 1972 529 2018 3.
540 1966 664 2018 docebant
677 1966 752 2018 licere
766 1969 880 2030 scortari,

58 2043 84 2088 t.
100 2043 125 2084 et
141 2032 207 2083 vesci
222 2030 380 2093 idolothytis.

91 2096 266 2165 Caninrutniti.
280 2119 309 2129 -
324 2092 364 2143 Sic
379 2092 540 2163 nuncupatis
553 2092 739 2165 Cerintho,qui
750 2107 781 2143 ex
793 2092 881 2143 ludaeo

58 2160 139 2209 factas
159 2157 330 2213 Christianus,
347 2169 404 2204 cuin
425 2155 457 2204 ha
477 2163 550 2205 tisino
571 2157 796 2214 circumcisionem,
813 2157 882 2205 velut

59 2221 93 2270 ad
108 2221 215 2270 salntem
229 2217 408 2277 necessariam,
422 2169 509 2267 vellus
524 2232 579 2268 esse
590 2220 635 2279 jnn
654 2218 753 2278 endam,
762 2218 795 2268 Ca
813 2217 882 2266 italis

59 2290 145 2333 antem
162 2281 242 2344 ipsius
256 2293 325 2329 error
343 2278 367 2328 iii
386 2291 416 2328 eo
440 2278 517 2339 stetit,
540 2281 611 2344 qnod
636 2233 722 2330 iesum
745 2294 762 2328 a
803 2279 882 2329 hristo

60 2345 233 2406 distingueret,
262 2341 403 2404 diceretque
426 2340 497 2390 idum
522 2356 571 2393 non
591 2342 623 2391 ds
646 2341 752 2404 virgine,
780 2342 823 2391 sed
851 2341 883 2390 de

61 2407 175 2466 muliere,
190 2403 301 2453 maritali
315 2402 464 2452 commercio
485 2404 663 2462 intercedente,
680 2411 829 2467 conceptum
853 2416 883 2452 ac

62 2476 150 2518 natum
167 2480 238 2524 esse;
254 2463 380 2514 Christum
397 2478 465 2522 vero,
484 2479 529 2515 sen
552 2465 674 2530 Spiritum
698 2475 811 2514 sanctum
834 2464 882 2515 snb

62 2529 185 2581 columba
199 2527 282 2590 speeie
297 2527 322 2575 in
337 2539 394 2575 eum
409 2526 578 2591 descendisse,
595 2527 842 2599 ciqnesanetitatem,
858 2533 883 2577 et

63 2592 114 2641 vim
132 2592 200 2641 alliis
216 2604 269 2639 eam
286 2587 502 2658 eommuncieandi
515 2590 681 2653 patiendique
697 2589 820 2639 miracula
837 2588 882 2637 tri-

64 2653 160 2704 buisse.
179 2650 293 2701 hddebat
306 2651 406 2699 Christo
420 2663 445 2700 in
462 2651 552 2701 oculum
569 2665 677 2710 reverso,
695 2650 779 2700 solum
797 2651 882 2701 lesum

61 2729 166 2780 passum
183 2729 212 2764 ac
229 2722 355 2763 mortuum
373 2726 437 2762 asse.

95 2778 230 2828 Eniosirn.
252 2802 278 2811 -
296 2774 424 2833 Ebionitae,
444 2788 488 2823 scu
508 2773 631 2834 Ebionmi,
649 2774 685 2824 sic
707 2792 723 2825 a
743 2774 828 2837 pellati
852 2773 883 2824 ab

62 2840 160 2890 libiano
189 2837 301 2902 quodam
326 2836 379 2899 ejus
403 2843 475 2885 sectae
500 2843 609 2893 auctore,
634 2789 756 2898 apostolis
790 2850 883 2895 comio,

62 2902 201 2952 docebant:
218 2905 229 2948 l
242 2899 367 2949 Christum
385 2911 439 2947 esse
452 2911 543 2961 purum
559 2896 685 2948 bominem
701 2911 731 2947 ex
743 2897 845 2960 Josephi
859 2905 885 2947 et

62 2964 147 3014 uaria
160 2962 303 3022 concubitu,
317 2974 386 3009 more
399 2961 529 3009 hominum
543 2959 662 3020 aliorum,
673 2959 829 3023 progenitum
839 2972 845 3019 ;
857 2963 881 3009 3.

61 3025 282 3078 circumcisionem
297 3031 321 3072 ct
337 3021 386 3070 alia
401 3022 491 3084 legalia
504 3030 561 3093 post
581 3021 709 3072 Christum
730 3022 813 3071 adhuc
829 3036 884 3071 esse

61 3088 203 3147 servanda;
220 3091 243 3137 3.
259 3084 428 3147 virginitatem
441 3099 456 3133 a
470 3098 524 3133 suis
543 3083 649 3136 eoetmns
667 3083 838 3149 repellebant;
857 3088 881 3134 t.

61 3165 169 3203 uxorum
185 3148 354 3214 pluralitatem
370 3146 554 3210 permittebant.

331 3281 453 3336 ttoereses
476 3279 619 3337 ccccliii.

93 3393 220 3446 Gvosrici.
236 3421 265 3430 -
289 3393 330 3444 Sic
345 3392 407 3444 dicti
423 3394 526 3444 lncrea
551 3407 633 3444 rarum
657 3393 768 3445 oninium
798 3395 887 3456 γνώσει

63 3458 117 3506 sire
131 3458 243 3517 scientia,
257 3470 334 3519 quain
352 3456 401 3506 sibi
415 3471 467 3520 prae
486 3456 581 3507 caeteris
601 3456 708 3519 superbe
728 3455 886 3519 arrogabant.

63 3520 158 3568 Eorum
177 3526 263 3567 auctor
292 3517 435 3580 proecipuus
455 3517 503 3567 fuit
530 3519 635 3582 quidam
661 3518 834 3582 Carpocrates,
851 3517 887 3567 vel

63 3581 204 3640 Carpocras
218 3579 328 3636 nominc,
345 3592 360 3626 a
374 3594 424 3641 quo
441 3578 516 3627 etiam
540 3580 601 3629 dicti
624 3578 815 3640 cargiocratiani.
841 3577 887 3627 lie·

63 3641 175 3692 ttrahant
201 3639 328 3701 praecipuo
351 3639 377 3686 iu
403 3653 430 3687 sc
450 3640 565 3689 uentibus
600 3640 740 3703 capitibus:
768 3645 790 3689 l.
820 3639 888 3689 Iluos

63 3700 233 3752 admittebant
249 3700 327 3757 deos;
345 3702 367 3748 2.
387 3698 440 3748 dice
459 3709 503 3749 ant
519 3701 640 3750 mundum
656 3717 706 3751 aon
723 3717 778 3752 esso
792 3702 886 3751 laetum

63 3780 80 3813 a
95 3764 157 3821 ileo,
175 3761 264 3811 sedab
281 3760 398 3825 angelis;
418 3764 441 3811 3.
471 3762 655 3812 contendebant
682 3762 810 3812 Christum
836 3777 887 3812 nou

65 3840 123 3874 esse
139 3824 170 3873 de
193 3823 271 3874 illaria
293 3823 452 3882 natumsed
491 3837 517 3872 er
543 3824 611 3873 illam
628 3833 769 3882 ostensum,
786 3833 810 3873 et
829 3823 887 3874 binc

64 3895 177 3937 sanctam
192 3885 237 3935 liei
257 3885 398 3949 genitricem
419 3837 529 3935 ludibrio
556 3884 700 3948 habebant;
720 3885 803 3951 ipsum
829 3900 887 3936 vero

63 3948 194 3998 Christum
208 3962 259 3997 non
276 3947 366 3997 habere
384 3961 496 4006 earnem,
509 3947 557 3996 nisi
582 3956 729 4012 apparenter
752 3947 827 3998 talem
837 3961 843 4009 ;
861 3953 886 3997 t.

64 4011 129 4060 duas
147 4012 173 4061 in
186 4011 288 4059 homine
298 4011 394 4060 animas
410 4009 546 4074 fingebant,
563 4010 665 4060 alteram
681 4011 775 4060 bonam
800 4018 824 4060 et
847 4025 887 4059 ra·

66 4073 134 4124 tione
152 4071 291 4135 praeditam.
318 4073 423 4121 alteram
446 4072 537 4122 malain
568 4079 592 4121 et
616 4073 723 4122 rationis
752 4079 887 4135 expertem,

64 4135 198 4198 illamque,
213 4149 261 4184 non
277 4141 361 4183 autern
378 4135 452 4183 istam
465 4134 582 4184 volebant
596 4134 690 4184 essedo
704 4135 750 4185 hei
767 4134 886 4184 substan-

67 4197 119 4257 tia;
137 4200 160 4246 5.
184 4196 422 4259 metempsychosim
438 4195 611 4255 admittebant,
633 4196 839 4247 resurrectionem
864 4203 889 4244 ct

63 4258 188 4320 judicium
216 4258 329 4308 futurum
359 4257 499 4318 negabant:
527 4261 552 4308 6.
578 4257 696 4308 Dicebant
717 4258 806 4307 lictum
831 4271 888 4307 esse

67 4320 210 4370 Christiano
231 4334 321 4381 negare
338 4318 464 4370 Christum
480 4320 513 4369 ad
528 4320 633 4371 vitanda
646 4327 786 4382 tormenta;
801 4326 825 4372 Ἰ.
842 4320 886 4370 Je-

65 4382 139 4445 junia
155 4390 180 4430 et
193 4382 335 4431 castitatem
349 4381 558 4432 adversabantur.

100 4443 294 4494 Vninsrisiixi.
314 4471 345 4480 -
362 4444 403 4494 Sic
419 4444 558 4506 nuncupati
579 4458 593 4493 a
615 4444 723 4508 quodam
745 4443 886 4504 Valentino,

68 4504 113 4570 qni
123 4504 290 4567 indignatione
304 4506 447 4569 spirituque
462 4505 579 4556 vindictae
595 4518 725 4558 aecensus.
752 4505 887 4557 Ecclesiam

68 4570 224 4631 oppugnavit
234 4568 371 4628 erroribus,
386 4582 494 4632 qnorum
515 4569 680 4618 summarium
704 4569 743 4618 his
762 4568 887 4632 capitibus

67 4629 203 4693 praecipuis
220 4629 376 4680 absolvitur:
393 4635 416 4679 t.
437 4630 491 4679 lino
503 4630 630 4681 statuebat
646 4631 727 4690 prima
745 4630 884 4742 principia:

67 4690 219 4754 profundum
239 4699 263 4739 et
283 4690 422 4751 silentium,
437 4692 489 4742 eive
512 4694 593 4750 chaos,
620 4693 690 4742 velut
709 4691 803 4755 primos
842 4707 886 4742 uos

67 4753 141 4812 deos,
171 4768 279 4816 quorum
302 4755 418 4804 altarium
449 4757 598 4813 masculum,
628 4753 733 4805 alterum
768 4755 886 4804 feminam

67 4813 178 4875 dicebat;
204 4824 280 4879 atque
306 4831 337 4866 ex
366 4816 405 4864 his
427 4816 535 4875 duobus,
563 4817 631 4868 velut
652 4832 682 4868 ex
702 4817 827 4880 conjugio,
842 4831 887 4867 scu

66 4876 222 4937 immediate,
241 4892 286 4926 sen
316 4877 422 4926 mediate
448 4880 596 4940 processisse
627 4879 720 4929 AEoiias
751 4882 780 4928 tii
800 4880 850 4930 'nta
874 4893 887 4928 e

67 4938 160 5002 quibus
178 4944 349 4999 temerasse
365 4938 600 4990 tetidcmleminas.
620 4943 644 4989 2.
662 4941 764 5004 Triplex
798 4940 889 5005 agebat

65 5001 199 5051 hominum
223 5015 307 5064 genus,
333 5000 529 5072 pneumaticum,
552 5017 596 5052 seu
622 5003 768 5065 spirituala;
792 5005 885 5069 psych-

66 5077 135 5122 cnm,
150 5078 194 5113 seu
211 5064 320 5113 animale
333 5078 339 5123 ς
353 5073 378 5111 et
391 5063 520 5126 hyginum
544 5069 588 5114 aut
609 5065 732 5125 choicum,
750 5079 793 5117 seu
810 5073 888 5115 mate·

65 5125 137 5174 riale.
166 5124 248 5176 Primo
275 5125 412 5179 ‚hominnm
443 5125 533 5187 generi,
560 5127 698 5190 cujusmodi
727 5141 754 5176 se
779 5126 890 5179 Valenti·

66 5187 135 5236 niani
151 5201 238 5237 omnes
259 5202 315 5237 esse
332 5187 473 5246 eredebant,
493 5187 618 5237 tribuebat
643 5188 752 5238 animam
773 5204 819 5239 sua
844 5203 889 5238 na-

67 5257 124 5298 tura
137 5248 238 5312 bonam,
251 5259 275 5299 et
290 5249 367 5298 nullis
383 5248 528 5307 sceleribus,
551 5264 608 5312 quas
631 5250 733 5313 impunc
758 5250 806 5314 ipsi
831 5250 890 5300 lice·

65 5320 131 5369 rent,
147 5313 384 5374 contaminandam
400 5320 475 5374 atque
493 5311 549 5360 ideo
572 5312 626 5374 ejus
641 5311 737 5375 generis
762 5313 890 5363 hominem

66 5374 202 5438 aliquando
232 5382 430 5424 resurrectumm
454 5373 546 5430 aiebat,
563 5373 606 5423 sed
629 5388 687 5424 enni
704 5375 754 5424 alio
777 5388 889 5440 corpore,

66 5450 157 5499 nempe
186 5437 323 5499 spirituali,
354 5444 378 5486 et
403 5442 470 5486 certo
510 5435 669 5487 salvandum.
698 5436 777 5487 Alteri
808 5436 892 5510 generi

67 5497 195 5547 tribuebat
212 5499 324 5549 animam
342 5498 404 5548 honi
420 5497 532 5560 malique
547 5512 674 5563 capacem,
688 5507 713 5549 et
734 5513 780 5563 pre
794 5501 894 5549 diversa

67 5559 172 5609 vivendi
202 5562 298 5611 ratione
326 5561 420 5612 salvari
442 5560 587 5610 damnarive
617 5575 694 5624 posse
726 5561 894 5613 eontentebat.

69 5621 199 5693 Postremo
219 5623 328 5694 denique
345 5623 429 5687 generi
451 5624 562 5674 animant
585 5632 675 5674 natura
699 5624 792 5676 malam
812 5625 896 5676 inesse

69 5684 165 5742 aiebat,
181 5689 247 5734 etex
263 5694 368 5738 exiunm
383 5686 512 5738 conditum
530 5701 583 5737 esse
599 5685 727 5738 asserebat
742 5701 772 5738 aa
787 5688 913 5751 ratione„

164 5782 285 5837 Piraei.
306 5782 426 5840 ecutx.
440 5816 474 5826 -
493 5787 612 5844 tanicuii
629 5787 662 5844 ll.

678 166 790 239 ‚llillllll
808 168 988 232 uetustos
1008 169 1147 230 ottttttttt.

1685 183 1688 189 '
1702 175 1756 236 lib

933 302 960 344 ut
985 307 1042 344 cnm
1066 306 1169 365 corpore
1194 293 1270 344 simul
1295 294 1427 344 stenima
1453 294 1575 348 interiret.
1596 302 1620 348 3.
1647 299 1757 351 Docebat

934 371 978 420 pro
999 365 1036 406 ter
1050 356 1124 405 medii
1139 357 1239 428 generis
1256 357 1372 406 homines
1386 357 1512 408 Christum
1530 375 1545 408 a
1560 358 1641 417 Patre,
1659 362 1686 412 id
1708 371 1756 426 est,

933 434 949 469 a
992 419 1101 469 refundo
1117 433 1224 467 missum
1247 433 1310 473 csse,
1328 420 1371 468 sed
1394 419 1508 481 spiritura
1526 422 1563 471 val
1585 424 1684 474 coeleste
1700 439 1757 476 cor·

932 494 981 545 pus
993 481 1130 531 secundnm
1147 480 1275 542 attulisse;
1294 482 1407 545 adeoque
1425 483 1487 532 nihil
1497 486 1635 547 sumpsisse
1653 486 1684 537 de
1698 487 1756 537 Vir-

933 544 990 604 gine
1015 542 1113 599 hlaria;
1139 542 1183 591 sed
1212 558 1256 605 per
1280 544 1359 602 illam,
1379 551 1500 607 tanquam
1528 559 1572 607 per
1599 549 1682 598 rivum
1712 559 1758 601 aut

933 604 1045 654 fistulam
1073 605 1213 654 transiisse.
1241 605 1380 655 Primarius
1404 606 1531 656 Valentini
1558 608 1696 672 discipulus
1726 627 1757 662 nc

933 681 1063 717 successor
1079 667 1126 715 luit
1144 666 1308 728 Secundus,s
1324 681 1375 731 qno
1386 666 1538 729 Seeuiidiani
1549 684 1639 721 nornen
1655 672 1757 736 habent,

934 738 959 778 at
973 730 1016 800 qui
1031 728 1141 791 magistri
1156 743 1251 780 errores
1263 729 1403 794 ampliavit,
1418 734 1558 795 excogitata
1572 734 1756 785 novaAEonum

933 805 997 842 serie
1011 806 1040 841 ae
1056 799 1153 839 natura.
1191 842 1194 849 ,

965 853 1139 903 hlnxcioitra.
1158 882 1187 892 -
1208 853 1361 904 Marcionitae
1377 869 1394 902 a
1416 852 1549 914 llareione,
1565 857 1704 920 Appellitae,
1722 860 1755 910 ab

932 915 1030 977 llpslle,
1047 915 1199 964 Cerdoniani
1215 932 1230 964 a
1247 917 1359 965 Cerdone
1376 916 1488 979 quodam
1514 919 1641 979 appellati,
1671 922 1752 971 Mani-

934 978 1009 1027 ehaeis
1027 978 1202 1040 praelucerent,
1219 977 1280 1028 duin
1304 978 1354 1028 duo
1381 993 1465 1028 reruin
1491 981 1614 1044 principia
1640 982 1754 1045 duosque

934 1040 993 1088 cleos
1017 1047 1165 1096 statuerunt,
1189 1054 1266 1089 unum
1286 1038 1390 1099 bonurn,
1416 1041 1523 1090 alterum
1549 1044 1658 1102 inalum;
1683 1045 1753 1094 illum

934 1101 1035 1152 Christis
1060 1110 1163 1164 patrem,
1186 1102 1252 1151 hune
1276 1103 1337 1165 legis
1363 1111 1387 1151 et
1412 1104 1591 1166 prophatarum
1615 1114 1752 1157 auctorem.

934 1163 1004 1214 llunc
1020 1178 1129 1213 errorem
1145 1164 1296 1226 adoptarunt
1307 1164 1411 1225 Tafiani,
1430 1163 1490 1215 dicti
1510 1169 1585 1216 etiarn
1607 1167 1753 1229 Eueratitas,

933 1240 978 1276 sen
995 1225 1159 1285 continentes,
1176 1227 1244 1290 quod
1270 1241 1285 1275 a
1303 1227 1397 1289 nuptiis
1421 1226 1531 1276 dicerent
1549 1243 1604 1278 osse
1625 1229 1754 1280 abstinen-

934 1288 1001 1346 dnm,
1017 1302 1097 1351 neque
1116 1302 1191 1338 carne
1209 1289 1320 1351 vinoque
1340 1297 1477 1347 uterentur,
1491 1303 1549 1353 quae
1572 1290 1675 1341 aiebant
1698 1307 1754 1349 pro·

933 1351 1060 1399 fluxissea
1086 1349 1149 1399 rinei
1168 1351 1193 1399 ie
1208 1351 1287 1399 male:
1301 1350 1367 1400 unde
1381 1357 1405 1399 et
1420 1350 1445 1399 in
1461 1352 1518 1414 ipso
1532 1352 1614 1402 llissm
1629 1355 1752 1406 marilleio

932 1427 948 1460 a
968 1426 1024 1461 uam
1041 1363 1121 1460 solunt
1133 1365 1290 1461 aghibehant
1305 1413 1359 1462 sine
1374 1415 1442 1461 vino.

988 1486 1141 1523 oiiiuisris.
1158 1499 1189 1511 -
1203 1474 1299 1523 Nomen
1317 1483 1440 1523 traxeras
1454 1474 1579 1535 ldontano,
1591 1476 1635 1539 qui
1649 1478 1753 1542 adjunc-
1827 1523 1832 1532 .

935 1535 965 1585 tis
987 1535 1037 1585 sihi
1053 1534 1153 1585 duabus
1171 1536 1323 1585 mulierculis
1344 1536 1459 1586 Priscilla
1480 1546 1504 1586 et
1522 1537 1670 1597 llaiimilla,
1687 1555 1753 1603 quaa

935 1578 1003 1646 vellit
1016 1598 1187 1660 prophetissas
1203 1596 1354 1652 venditabat.
1374 1597 1394 1655 l,
1412 1597 1499 1647 docuit
1512 1599 1539 1647 in
1561 1601 1670 1663 seipsum
1688 1602 1752 1651 lias-

933 1673 981 1722 qns
995 1659 1102 1708 feminas
1118 1659 1241 1721 Spiritum
1264 1667 1378 1708 sanetum
1400 1660 1489 1723 majori
1511 1661 1667 1722 plenitudine
1693 1665 1750 1713 iles-

933 1721 1055 1782 ceudisse,
1076 1735 1153 1784 quani
1182 1721 1207 1769 iii
1224 1721 1294 1783 ipsos
1317 1721 1464 1778 nastolae:
1496 1730 1520 1770 et
1544 1723 1603 1773 hine
1631 1724 1753 1788 Spiritum

934 1792 1049 1833 sanctum
1063 1797 1089 1832 so
1106 1783 1256 1845 appellabat,
1271 1784 1323 1832 imo
1360 1797 1416 1831 enm
1431 1783 1538 1833 l’atrein.
1555 1789 1580 1833 u.
1595 1785 1704 1843 Negabat
1726 1789 1752 1837 in

934 1844 1045 1895 Ecclesia
1059 1844 1114 1895 dari
1130 1852 1277 1906 potestatam
1292 1845 1433 1894 remittendi
1448 1853 1548 1907 peecata
1565 1848 1678 1910 quadani
1698 1863 1753 1909 gra-

933 1906 1013 1964 viora,
1028 1914 1087 1970 pest
1111 1906 1265 1968 baptismum
1289 1906 1439 1965 commissa;
1461 1906 1575 1970 adeoque
1597 1923 1643 1971 pre
1666 1924 1753 1959 eorum

933 1969 1079 2019 remissione
1095 1968 1174 2017 tteum
1189 1968 1312 2017 duntaxat
1327 1982 1379 2016 esse
1394 1968 1558 2018 exorandum.
1580 1973 1604 2019 3.
1627 1971 1753 2021 wanden

934 2031 1035 2093 nuptias
1050 2030 1148 2080 illicitas
1162 2044 1217 2080 esse
1232 2030 1411 2092 proclamabat,
1435 2037 1459 2078 et
1479 2044 1523 2090 pro
1546 2030 1754 2083 fornicationibus

934 2093 1059 2144 habebat:
1076 2107 1105 2141 ex
1129 2093 1232 2142 adverso
1249 2091 1437 2141 matrimonium
1452 2090 1557 2140 dissolvi
1573 2107 1647 2156 posse
1660 2095 1754 2144 aiebat.

934 2161 958 2205 t.
984 2154 1097 2218 Negabat
1119 2168 1173 2203 csse
1198 2154 1293 2204 licitum
1321 2152 1479 2212 Christianis,
1499 2154 1585 2213 fugam
1610 2169 1699 2218 capere
1727 2156 1755 2206 io

935 2231 1099 2281 quaecumque
1120 2216 1302 2279 perseeutione.
1330 2220 1354 2264 ιι.
1379 2213 1447 2264 Nova
1470 2215 1568 2278 jeJunia
1592 2219 1752 2280 predicabat,

935 2287 1055 2342 tanquam
1065 2278 1120 2342 jure
1134 2278 1219 2328 divino
1235 2276 1390 2341 praescripta.

965 2342 1200 2392 Tsnroiiinn‘ierrs.
1220 2366 1249 2376 -
1265 2339 1329 2388 hicti
1344 2354 1359 2387 a
1373 2338 1537 2400 Tertulliano,
1553 2339 1607 2450 qni,
1619 2349 1753 2405 postquam

933 2411 1019 2452 contra
1049 2402 1216 2452 hlontanistas
1240 2411 1340 2449 strenuo
1370 2409 1512 2463 pugnasset,
1536 2403 1600 2452 lasa
1622 2406 1756 2455 severioris

935 2464 1076 2526 disciplinae
1100 2479 1176 2527 quani
1203 2464 1336 2512 hlontanus
1364 2478 1415 2525 prce
1440 2478 1466 2511 sc
1491 2463 1586 2512 ferebat
1607 2467 1703 2528 specie,
1733 2475 1758 2517 et

935 2528 1037 2575 somniis
1060 2526 1177 2575 Priscillae
1193 2533 1217 2574 et
1239 2523 1382 2574 ldaximillaa
1404 2525 1506 2574 delusus
1530 2525 1631 2575 illerum
1659 2542 1756 2580 errores

935 2588 1073 2651 adoptavit,
1089 2594 1114 2637 et
1127 2585 1200 2636 novis
1217 2586 1338 2643 adauxit:
1357 2600 1413 2656 iiam
1429 2586 1527 2635 docuit:
1540 2592 1562 2637 t.
1582 2589 1690 2652 Angelos
1700 2605 1757 2641 essa

936 2664 1040 2712 corpora
1053 2650 1138 2699 tenuia
1151 2663 1180 2698 ac
1194 2648 1313 2705 subtilia;
1329 2661 1438 2696 animam
1450 2661 1551 2710 quoque
1565 2658 1686 2710 nostram,
1696 2652 1755 2703 lieet

935 2711 1110 2771 immortalem,
1136 2724 1279 2774 corpoream
1306 2718 1387 2758 tamen
1408 2723 1469 2767 csse,
1495 2725 1602 2774 eramque
1630 2727 1754 2774 erescere,

936 2775 1088 2835 adolescere,
1106 2772 1176 2822 cibos
1191 2772 1342 2827 desiderare,
1361 2777 1385 2819 et
1411 2772 1555 2839 incaeteris
1576 2787 1633 2821 euin
1655 2789 1758 2838 corpore

936 2836 1079 2892 consentia
1096 2835 1161 2885 unde
1176 2835 1215 2883 illi
1238 2832 1364 2883 tribuebat
1384 2833 1575 2902 longitudinem,
1587 2833 1756 2897 latitudinem,

936 2897 1126 2952 sublimitatem,
1153 2895 1266 2957 effigiem,
1293 2907 1380 2942 sexum
1403 2893 1536 2963 habitum,
1561 2896 1707 2957 terminum,
1730 2906 1760 2948 ut

938 2959 1046 3022 corpori.
1060 2962 1085 3007 2.
1102 2957 1212 3014 Dicebat,
1227 2964 1289 3006 testa
1302 2958 1452 3017 Augustino.
1468 2956 1566 3006 animas
1583 2958 1759 3013 sceleratorum

937 3020 1069 3071 hominum
1079 3027 1135 3084 post
1149 3026 1255 3069 mortem
1269 3018 1377 3067 converti
1394 3018 1419 3065 iii
1436 3017 1572 3068 daemones.

1210 3119 1331 3174 Haereses
1347 3117 1444 3173 secuti
1460 3131 1489 3171 iti

971 3209 1119 3258 ll'ot'nrtxsi.
1134 3233 1163 3242 -
1178 3205 1273 3256 Nomen
1287 3204 1333 3254 hoc
1347 3203 1431 3266 anlepti
1440 3202 1552 3265 primum
1562 3219 1577 3254 a
1589 3205 1693 3266 Novato,
1706 3218 1759 3260 tum

940 3272 1016 3321 otiam
1032 3287 1046 3321 a
1063 3269 1216 3329 horatiano,
1234 3265 1395 3329 postmodum
1409 3265 1531 3316 Catliares
1545 3267 1595 3330 ipsi
1613 3284 1648 3332 so,
1661 3270 1687 3320 id
1711 3281 1758 3330 est,

942 3333 1050 3383 mundos
1067 3340 1092 3382 et
1109 3345 1195 3396 puros,
1212 3328 1318 3402 superbe
1342 3327 1498 3399 apellorum„
1511 3328 1541 3378 lli
1564 3330 1633 3380 luera
1652 3346 1760 3395 acquan-

942 3394 1003 3446 tium
1015 3408 1128 3445 errorum
1145 3393 1347 3442 disseminatores
1359 3402 1364 3437 :
1376 3394 1398 3439 l.
1407 3389 1441 3438 lis
1456 3403 1499 3453 qui
1516 3405 1530 3438 a
1547 3392 1595 3440 fide
1608 3393 1758 3453 defecerant,

941 3458 982 3506 vel
1004 3457 1030 3507 in
1045 3456 1097 3507 alia
1110 3455 1226 3515 cumina,
1248 3454 1336 3503 saltem
1360 3451 1481 3524 graviora,
1500 3454 1577 3523 veluti
1599 3455 1758 3516 adulterium,

942 3518 1116 3576 homicidium,
1140 3525 1199 3578 ete,
1226 3522 1282 3579 post
1310 3516 1342 3564 lia
1362 3522 1463 3563 tismum
1493 3516 1557 3576 lapsi
1583 3523 1662 3575 erant,
1692 3532 1761 3580 spani

941 3595 1039 3630 omnem
1055 3581 1135 3630 veniae
1151 3578 1304 3641 erepiebaut,
1317 3529 1406 3626 sallem
1419 3575 1560 3626 obtinendae
1574 3576 1617 3647 ab¹
1630 3577 1759 3641 Ecclesia;

942 3644 982 3692 cni
1005 3643 1110 3717 proinde
1134 3648 1282 3703 potestatem
1293 3638 1417 3702 ejusmodi
1437 3639 1544 3702 peccatis
1561 3652 1659 3690 veniam
1671 3641 1759 3691 indul-

941 3706 1014 3769 gandi
1027 3702 1191 3767 denegabant.
1208 3705 1233 3750 2.
1253 3700 1407 3751 aecedentes
1421 3713 1450 3749 nc
1469 3701 1602 3751 redeuntes
1625 3702 1657 3751 ad
1685 3716 1758 3753 suain

942 3775 1032 3816 metam
1047 3766 1137 3814 iterato
1151 3763 1321 3827 baptizabant,
1333 3762 1502 3811 existimantes
1516 3762 1669 3824 baptismum
1689 3773 1762 3816 extra

940 3829 1011 3878 illam
1037 3829 1164 3886 collatum,
1195 3838 1251 3876 essa
1272 3823 1381 3873 irritum.
1410 3823 1529 3873 Caeterum
1557 3824 1761 3878 Confirmationis

941 3898 1122 3940 sacramentum
1140 3887 1239 3950 penitus
1254 3899 1284 3934 ne
1301 3884 1413 3945 ligabant
1435 3888 1458 3933 3.
1482 3883 1601 3948 llaityres
1623 3901 1710 3938 eorum
1747 3905 1763 3940 e

940 3951 1059 4014 reliquias
1069 3948 1271 4000 contemnebant.
1279 3901 1383 3996 gernum
1398 3959 1454 3993 euni
1467 3945 1623 3996 ldontanistis
1639 3963 1713 3999 seona
1734 3966 1763 4001 as

942 4028 974 4063 nu
993 4014 1041 4063 tias
1056 4011 1215 4062 damnabant.

973 4078 1132 4125 basatensi.
1143 4076 1204 4120 -it
1222 4068 1330 4119 Sabellio
1347 4081 1377 4116 ex
1391 4067 1474 4116 antea
1490 4066 1530 4116 rel
1545 4067 1625 4131 Libya
1640 4070 1759 4127 oriundo:

959 4136 985 4186 ni
1000 4150 1091 4186 nevam
1107 4134 1213 4183 haeresin
1229 4146 1279 4181 non
1295 4139 1345 4180 tam
1367 4129 1457 4190 primis
1471 4130 1626 4192 excogitavit,
1644 4146 1721 4196 quarn
1745 4150 1761 4184 a

941 4151 1047 4255 lraxea,
1064 4195 1177 4246 llontani
1190 4195 1259 4258 prius
1276 4190 1380 4251 assecla,
1398 4198 1485 4252 postea
1507 4191 1642 4254 desertore,
1655 4194 1760 4258 ahoqno
1830 4208 1837 4218 ·

942 4260 1062 4324 quopiam
1075 4258 1156 4318 hato,
1171 4262 1299 4319 acceptam
1316 4254 1471 4317 propagavit,
1489 4253 1580 4303 docens
1594 4269 1649 4306 esse
1663 4257 1690 4305 in
1706 4256 1759 4308 lleo

941 4337 1018 4372 unam
1031 4323 1153 4371 duntaxat
1166 4320 1249 4382 reipsa
1265 4329 1407 4381 personam,
1424 4316 1489 4366 sicut
1502 4323 1526 4365 et
1540 4330 1615 4368 unam
1633 4325 1758 4378 naturam.

941 4384 998 4436 lieet
1027 4382 1163 4433 secundum
1196 4381 1316 4445 triplicem
1346 4378 1469 4428 notionem
1502 4378 1583 4428 tribus
1614 4381 1760 4433 nominibus

941 4460 1102 4511 expressam
1117 4444 1184 4495 uncle
1200 4451 1226 4493 et
1238 4441 1373 4492 Sabelliani
1394 4440 1518 4500 dicebant,
1536 4440 1634 4492 Patrem
1658 4458 1709 4508 quo
1728 4460 1760 4496 ue

941 4509 967 4559 in
988 4508 1089 4558 Christo
1115 4519 1219 4569 passum
1246 4504 1353 4575 inissa„
1378 4515 1511 4572 eapropter
1528 4502 1610 4573 ¹etiarn
1636 4458 1759 4569 appellati

940 4571 1009 4620 fuere
1042 4568 1235 4631 patripassiani.
1250 4564 1355 4616 Sabellii
1389 4579 1477 4613 tereste
1494 4565 1583 4612 deinde
1606 4566 1759 4629 adoptarunt

940 4640 993 4682 tum
1004 4631 1138 4742 Plssotilnns,
1148 4630 1214 4681 unde
1230 4626 1372 4677 Plietiniaui
1382 4639 1389 4686 ;
1398 4633 1450 4675 tum
1466 4624 1557 4674 Paulus
1569 4625 1758 4692 Saniesmmnis,

940 4695 1007 4744 unde
1045 4693 1150 4742 aniani.

972 4757 1140 4807 Oaioasisiin.
1156 4751 1240 4802 -Sic
1256 4749 1393 4812 nuncupati
1414 4749 1448 4799 ab
1464 4747 1576 4818 Origene,
1589 4751 1634 4812 qui
1649 4754 1757 4803 erravit:

941 4823 964 4877 t,
993 4819 1058 4868 eirca
1086 4817 1237 4867 creationem
1266 4822 1290 4863 et
1324 4822 1438 4883 naturam
1466 4825 1621 4860 animarum:
1650 4813 1761 4878 fingebat

940 4881 1005 4930 enirn
1021 4879 1089 4942 quod
1104 4879 1170 4930 lleus
1185 4877 1265 4941 primo
1281 4875 1373 4925 creavit
1386 4873 1519 4924 rationales
1535 4882 1662 4926 creaturas
1672 4890 1760 4928 omnes

941 4941 1051 5015 aequales
1069 4955 1075 5003 ;
1090 4956 1132 4993 aas
1155 4954 1221 5000 vcro,
1249 4953 1305 5002 quaa
1325 4951 1357 4986 ex
1385 4936 1465 4986 libero
1489 4934 1593 5007 arbitrio
1618 4939 1695 5002 magis
1719 4941 1760 4991 tel

942 5004 1069 5054 minusad
1083 5004 1163 5055 heum
1178 5015 1304 5054 conversae
1318 4999 1426 5058 fueraut,
1443 4999 1474 5069 ad
1491 4999 1603 5049 diversos
1615 5001 1759 5062 angelornm

942 5067 1043 5116 ordines
1078 5080 1105 5115 ro
1121 5065 1266 5115 meritorum
1283 5062 1428 5112 diversitate
1441 5061 1517 5109 inisse
1536 5070 1679 5122 promotas;
1700 5063 1758 5114 illas

942 5143 998 5192 quae
1021 5143 1037 5178 a
1060 5081 1113 5178 lle-o
1140 5141 1193 5178 sese
1216 5131 1357 5176 averterunt
1380 5122 1486 5171 diversis
1512 5122 1659 5183 corporibus
1681 5124 1760 5177 fuisse

942 5191 1064 5255 alligatas,
1078 5197 1103 5240 et
1126 5190 1223 5238 animas
1252 5187 1373 5243 evasisse,
1398 5184 1494 5254 corpori
1517 5184 1595 5246 magis
1612 5184 1653 5235 vel
1675 5187 1759 5238 minus

943 5252 1095 5324 imperfecto,
1120 5265 1166 5315 pro
1193 5248 1338 5300 diversitate
1359 5247 1546 5317 demeritorum,
1573 5247 1641 5317 velut
1666 5249 1762 5301 carceri

943 5315 1072 5365 ineiusas:
1093 5312 1236 5376 exquibus
1256 5309 1359 5359 alterius
1390 5306 1513 5378 delirabat
1547 5320 1659 5378 animam
1686 5312 1762 5363 etiam

945 5375 1044 5431 Christi,
1063 5382 1196 5439 antequam
1223 5372 1323 5434 corpori
1352 5377 1474 5429 uniretur,
1499 5372 1676 5439 praestitisse:
1703 5372 1763 5424 itsni

946 5439 1024 5488 selein
1040 5437 1125 5487 lunam
1141 5444 1165 5485 et
1181 5443 1247 5484 astra
1263 5432 1387 5483 animatas
1410 5429 1539 5501 quasdam
1563 5441 1668 5483 virtutes
1692 5449 1762 5487 esse.

945 5505 970 5550 2.
982 5500 1078 5550 Erravit
1092 5499 1159 5547 eirca
1174 5512 1215 5547 cor
1234 5510 1306 5545 orum
1319 5501 1537 5550 resurrectionem,
1557 5507 1633 5555 quain
1653 5497 1768 5559 equidem

947 5562 1105 5620 admittebat,
1116 5560 1160 5610 sed
1174 5511 1257 5609 uiolet
1272 5557 1318 5607 illa
1332 5570 1382 5606 non
1397 5563 1670 5616 surrecturarectsa,ut
1683 5561 1770 5619 modo,

948 5625 992 5675 sed
1011 5623 1158 5675 orbicularis
1173 5622 1278 5686 ligura,
1294 5632 1325 5669 ne
1344 5633 1374 5669 uc
1389 5631 1445 5667 cnm
1463 5618 1626 5682 sanguinent
1642 5620 1780 5674 memhris.

949 5687 1042 5740 habent
1062 5685 1146 5747 modo,
1167 5685 1232 5755 qnia
1249 5697 1294 5748 pro
1318 5633 1362 5734 illo
1385 5688 1452 5732 statu
1477 5680 1546 5733 haud
1567 5680 1717 5735 servituris.
1738 5695 1782 5731 aaa

1703 5778 1741 5830 ‘lh
