3750 6038
59 150 112 212 311

60 286 200 336 curaverat,
213 291 239 328 re
274 278 353 338 isivit‚
368 280 433 329 6776
447 281 543 344 palatio
558 296 604 331 suo
620 281 716 345 habuit,
730 287 810 341 1,7713.
822 284 879 344 Spi-

57 340 122 389 ritus
138 340 237 390 immun
256 355 285 390 66
297 342 384 404 jussus
400 340 495 405 loquia
509 342 622 406 quolibet
636 345 780 395 Christiano
793 361 819 395 se
834 347 882 395 dae·

57 415 159 451 monem
181 403 322 465 confltetur,
343 408 397 464 413,
418 405 687 456 nocentissimorum
709 408 735 457 in
756 409 881 457 66676666

55 471 172 574 66766766
197 473 301 528 666676,
324 470 380 525 713,
405 470 460 523 toa,
481 470 535 525 oet,
554 472 609 526 677,
627 472 681 524 7677,
700 470 879 529 763ς11,113.

78 526 192 576 'aboluin
215 542 269 577 esse
291 528 432 592 profitetur,
451 530 470 588 1,
494 533 549 588 651,
567 533 622 587 633,
646 534 879 592 arcitenens,

57 591 128 649 7766,
154 592 233 645 isim
255 590 289 646 11.
310 593 350 650 si,
375 595 429 648 767,
455 594 509 650 ros,
531 595 585 655 666,
607 596 663 652 667,
680 597 736 652 667,
752 599 809 646 676.
823 600 879 657 666,

56 654 112 709 673,
131 653 189 703 916.
202 651 298 702 Diaboli
313 653 452 715 responsio,
468 669 524 703 crim
540 663 682 706 oneraretur
695 657 720 705 in
741 657 880 708 exorcismo

57 711 90 761 ob
112 715 244 763 mulierem
270 715 436 766 Christianam
462 717 486 764 in
515 718 612 766 theatro
635 733 649 765 6
673 735 698 768 66
729 718 878 769 obsessam:

57 774 86 823 lii
102 789 161 824 meo
181 790 237 824 6667
258 775 352 834 767667,
370 777 389 837 1,
405 781 460 829 ortt.
475 778 606 827 1176676666
621 795 676 830 esse
692 780 840 838 6167676767,
860 782 879 839 1,

57 840 114 894 tos,
133 841 190 895 413,
211 843 265 898 434,
280 845 335 898 417,
350 843 405 898 610,
422 844 478 897 677,
493 845 546 899 766,
562 847 625 901 7037
642 843 673 901 11,
687 846 727 902 97,
748 847 801 901 693,
824 848 880 902 7110,

57 903 114 957 717,
124 903 180 958 732,
191 903 246 951 748.
260 902 489 961 71176676676,61766
502 904 609 966 gladius,
620 906 683 954 61766
697 905 784 955 bestiae
797 906 882 955 Chris-

59 965 146 1010 tianos
162 963 338 1025 probaverunt,
353 965 384 1020 ll,
403 968 456 1015 173.

90 1022 189 1074 Sanctae
219 1034 342 1089 martyres
366 1026 484 1076 Felicitas
515 1034 539 1074 et
563 1026 695 1090 Perpetua.
713 1029 832 1079 Visiones
859 1038 882 1079 67

58 1086 148 1148 passio
172 1096 315 1152 sanatorum
340 1089 476 1151 Perpetua,
503 1089 639 1139 Felicitatis
667 1098 690 1139 et
718 1092 819 1151 sociae,
837 1092 880 1148 lli,

59 1150 144 1198 47-68.
167 1149 259 1199 Sancta
283 1151 401 1201 Felicitas
424 1151 525 1214 6767-716
548 1166 605 1201 6667
628 1167 675 1214 676
692 1155 800 1204 66767677
814 1155 881 1202 diiii-

59 1211 155 1259 enltate
175 1214 256 1262 octavi
282 1214 375 1262 mensis
398 1214 424 1261 76
448 1220 520 1276 66716
538 1214 657 1265 laborans
679 1215 782 1275 doleret,
796 1218 830 1266 ait
844 1217 882 1265 illi

58 1273 164 1325 6676676
185 1289 213 1321 er
230 1273 350 1324 ministris
365 1278 467 1325 carceris
484 1289 490 1324 t
507 1276 567 1336 6676-
584 1279 619 1326 676
635 1278 710 1326 76666
727 1279 804 1335 66166,
822 1279 899 1342 quid,

59 1334 139 1383 iacies
164 1335 260 1396 objecta
281 1337 366 1387 bestiis
384 1353 446 1401 quas
471 1339 650 1401 contempsisti,
669 1354 724 1388 cum
743 1341 882 1390 sacrificare

59 1397 181 1465 poluisti?
197 1399 227 1448 Et
244 1400 288 1448 7116
300 1401 429 1471 respoudit
444 1415 451 1451 t
465 1398 537 1449 116716
553 1416 597 1463 ego
611 1401 693 1464 7767767
709 1403 776 1464 66671
789 1404 881 1466 patior,

59 1458 113 1509 illic
134 1466 216 1508 autem
236 1462 301 1510 61766
316 1470 362 1511 6777
379 1462 405 1511 16
420 1478 459 1511 766
477 1463 520 1525 667
538 1465 648 1526 patietur
664 1478 708 1526 pro
722 1478 771 1525 me,
787 1467 846 1528 6676
859 1473 884 1514 et

59 1534 105 1582 666
124 1535 169 1584 676
184 1521 227 1571 7776
243 1538 349 1586 passura
370 1538 435 1582 suin,
450 1529 530 1574 77-38.
555 1525 580 1573 S.
606 1526 678 1574 Petro
701 1540 758 1577 7667
781 1527 881 1576 crucili-

59 1584 142 1644 66666
164 1582 256 1637 Romae.
281 1586 393 1636 Christus
415 1588 534 1650 apparuit
554 1596 578 1635 et
592 1587 678 1636 dixit:
699 1588 765 1638 l'udo
789 1589 882 1639 iterum

58 1645 186 1707 6777671167,
202 1648 227 1695 76
246 1647 324 1705 116776,
341 1647 385 1706 111,
400 1653 439 1696 77.
457 1650 492 1697 116
510 1651 628 1712 martyrio
644 1651 724 1699 sancti
739 1650 883 1715 Polycarpi,

57 1711 98 1814 b'l'
116 1707 225 1818 16696666
242 1709 266 1758 76
281 1711 380 1773 76776676
396 1712 477 1759 oleum
494 1712 622 1760 demersus
639 1713 674 1760 nil
690 1726 779 1775 passus
794 1722 840 1773 est,
857 1714 882 1762 in

57 1771 140 1827 70113,
172 1774 196 1819 0.

89 1830 243 1882 1111711168
265 1833 365 1883 FELlll.
390 1861 421 1869 -
446 1832 527 1883 Semel
554 1844 577 1883 et
598 1836 688 1885 iterum
713 1846 883 1887 asseveranter

56 1892 202 1941 6167766767·
215 1896 286 1954 signo
301 1896 381 1944 crucis
393 1896 485 1945 Christi
500 1905 523 1946 et
536 1897 732 1947 Christianorum
747 1899 883 1962 adjuratio·

57 1955 137 2003 nibus
164 1970 262 2004 ornnem
287 1959 407 2020 magicam
437 1966 513 2007 artem
544 1961 678 2020 omniaque
702 1960 884 2011 incantamenta

58 2031 210 2065 eraiiescere
233 2034 261 2066 ac
277 2028 379 2068 cunctas
399 2021 540 2069 daemonum
558 2022 657 2070 1766666
673 2024 769 2084 7666117.
788 2022 883 2073 [liemo-

59 2093 105 2127 nes
129 2079 236 2189 66677677
259 2094 304 2142 7767
327 2083 404 2131 1167767
429 2097 516 2131 767667
541 2092 565 2131 67
586 2084 676 2138 solum,
696 2086 767 2134 7777777
785 2086 885 2135 irriseris

58 2141 158 2204 corpori
179 2156 209 2190 us
225 2142 409 2197 inhorrescunt,
425 2152 448 2192 et
462 2147 499 2193 761
516 2144 636 2193 exsiliunt
650 2147 743 2207 statim,
757 2149 796 2196 vel
822 2162 882 2198 676-

58 2212 165 2252 nescunt
178 2206 311 2266 gradatim,
326 2214 399 2259 prout
412 2207 473 2254 tides
490 2207 609 2268 patientis
623 2208 733 2270 adjuvat,
749 2217 792 2258 667
803 2213 885 2271 gratia

58 2266 171 2314 curantis
196 2275 299 2330 aspirat,
318 2267 362 2325 117,
380 2271 434 2317 326.
459 2268 492 2317 116
515 2271 636 2328 martyrio
661 2279 752 2320 sancta
770 2273 883 2333 71666776,

58 2326 209 2378 Dissertatio
225 2330 249 2377 76
271 2329 363 2379 1117666.
388 2329 477 2387 Felic.‚
501 2333 556 2381 636.
575 2332 648 2380 l’ueri
671 2343 696 2382 67
721 2333 883 2393 mulierculae,

60 2402 148 2438 cruces
161 2398 185 2437 et
195 2399 326 2448 tormenta,
343 2394 409 2440 16766
423 2400 447 2440 67
458 2407 544 2441 676666
554 2401 733 2444 tormentorum
745 2396 884 2455 terriculas,

70 2453 184 2513 nspirata
199 2453 318 2514 patientia
332 2454 437 2512 doloris,
448 2454 569 2515 illudunt,
583 2459 636 2506 333.
655 2457 777 2507 Bibliadis
792 2461 884 2508 mirum

61 2515 219 2575 martyrium,
237 2518 293 2564 487.

74 2575 422 2688 5616711111567666666.--
443 2577 587 2640 llartyrium
610 2580 636 2629 S.
658 2580 789 2644 Cypriani,
806 2586 882 2632 1183-

91 2700 118 2749 S.
135 2699 312 2753 CVPlillNUS
323 2703 433 2766 episcop.
444 2703 635 2764 Cartliagincns.
647 2715 671 2755 et
679 2712 782 2769 martyr.
793 2706 883 2756 -116-

61 2761 106 2811 tati
129 2771 188 2811 sunt
209 2765 352 2826 piscatores,
374 2766 463 2816 mutati
491 2774 550 2815 sunt
575 2775 661 2828 postea
682 2767 757 2817 677676
781 2769 884 2830 7717777767

60 2832 200 2884 senatores,
216 2834 326 2875 mutatus
339 2838 376 2878 est
391 2827 538 2891 Cyprianus,
555 2829 596 2885 11,
607 2834 646 2878 rs.
663 2829 799 2891 l'ostquam
810 2831 883 2878 undu»,

59 2886 178 2949 genitalis
195 2889 291 2937 auxilio
306 2892 440 2952 superioris
455 2891 502 2939 eii
518 2892 572 2940 16176
589 2892 695 2948 6676766,
710 2892 734 2939 76
757 2893 883 2953 6767677767

59 2955 147 3012 pectus
165 2963 276 2999 serenum
294 2966 322 3000 66
338 2966 428 3013 667667
443 2953 551 3016 desuper
565 2969 591 3001 se
607 2955 690 3001 lumen
705 2953 805 3011 inludit,
817 2961 884 3016 post·

59 3024 137 3072 quam
166 3012 262 3061 67617766
288 3015 376 3076 6677776
398 3017 497 3073 17677676,
519 3017 543 3064 76
568 3031 662 3065 66777777
689 3031 728 3064 ine
755 3017 882 3065 hominem

58 3073 178 3123 nativitas
196 3074 304 3123 secunda
327 3079 460 3140 reparavit,
480 3078 568 3126 mirum
594 3080 619 3127 in
644 3079 745 3128 modum
769 3079 883 3141 protinus

60 3135 213 3184 confirmare
231 3152 256 3185 se
273 3137 358 3200 dubia,
374 3148 457 3202 patere
474 3142 565 3198 6167677,
584 3140 665 3189 lucere
689 3141 827 3201 tenebrosa,
845 3142 882 3190 76·

58 3198 180 3247 cultatem
197 3198 257 3247 dure
279 3201 346 3262 quod
371 3202 440 3264 prius
461 3202 563 3251 67166716
578 3203 717 3255 uidebatur,
739 3204 788 3264 geri
809 3217 882 3264 posse

58 3261 127 3369 66671
152 3260 300 3324 impossible
323 3263 465 3324 putabatur,
482 3273 509 3312 ut
527 3273 593 3313 esset
607 3279 743 3326 agnoscere
759 3274 882 3314 terrenum

70 3321 139 3370 uisse
156 3323 224 3385 6666
240 3323 309 3384 677776
323 3327 455 3373 carnalitur
472 3334 557 3375 natum
575 3327 668 3376 ilelietis
686 3326 822 3376 obnoxium
839 3327 879 3375 77·

58 3392 138 3437 reret.
153 3384 197 3434 1167
210 3399 264 3433 6666
278 3389 382 3448 coepisse
396 3390 461 3451 quod
477 3389 529 3450 jam
544 3389 653 3450 Spiritus
667 3399 767 3439 sanctus
785 3389 880 3439 unima-

59 3454 107 3502 ret,
121 3449 178 3503 200,
192 3450 247 3496 261.
266 3448 425 3498 1167666666
441 3451 589 3500 Christianis
605 3467 618 3500 6
635 3452 781 3514 corporibus
796 3452 882 3499 obses-

60 3521 148 3557 sorum
162 3509 304 3571 ejiciuntur,
318 3514 373 3569 203,
389 3517 444 3562 335.
456 3515 531 3562 116766
541 3513 739 3563 Christianorum
749 3515 882 3563 reluctatur

58 3571 163 3632 6776666
186 3573 388 3634 apprehenditur,
410 3576 525 3637 quamvis
550 3575 640 3623 nimius
666 3585 690 3624 et
710 3576 825 3637 copiosus
849 3575 882 3625 sit

57 3633 168 3694 populus
182 3633 348 3688 Christianus,
360 3639 415 3686 337.
430 3636 549 3700 Martyres
562 3638 688 3686 eisultant
703 3638 727 3686 in
744 3638 881 3697 terrueritis,

59 3697 115 3745 559.
133 3695 174 3744 usi
191 3695 216 3744 in
234 3698 380 3747 muneribus
398 3698 491 3759 magnis
507 3700 527 3747 si
543 3701 598 3762 quis
617 3708 749 3749 coronatur
768 3715 818 3763 quo
838 3715 880 3749 co·

59 3765 178 3806 renatum
190 3772 228 3814 ,se
247 3766 326 3821 putat,
347 3761 369 3808 si
391 3760 452 3809 76776
474 3763 782 3825 corripientemque
799 3761 882 3810 Virtus

59 3820 177 3881 martyrii
192 3827 262 3869 tanta
283 3830 320 3870 est
334 3830 364 3871 ut
384 3837 428 3886 per
442 3822 511 3872 illam
526 3824 624 3872 credere
636 3824 711 3872 677676
725 3824 767 3872 7116
781 3833 882 3886 cogatur

57 3883 104 3994 667
120 3889 143 3930 76
159 3881 241 3930 761677
256 3883 376 3942 66676676,
394 3888 448 3934 793.
467 3885 500 3934 116
525 3886 673 3935 revelatione
691 3886 780 3949 capitis
802 3887 881 3936 saneti

73 3945 164 3993 oannis
178 3944 304 4004 baptiste,
318 3949 372 3999 931.
391 3950 445 3997 uui

90 4005 258 4057 nasutius.
270 4035 298 4044 —
314 4007 476 4072 polycarpus,
487 4009 704 4059 constantissimus
714 4019 739 4059 67
749 4010 880 4059 lloriilissi·

59 4082 117 4116 ntus
135 4076 241 4132 martyr,
258 4080 430 4121 concrematus
441 4073 503 4132 7677,
522 4072 588 4131 667,
603 4073 632 4131 1,
649 4077 703 4121 777.
722 4072 820 4129 Gentes,
837 4088 881 4135 po-

59 4130 126 4192 puli,
141 4130 322 4194 nationesque
337 4133 385 4181 snb
402 4134 481 4184 oculis
494 4134 546 4183 suis
560 4136 644 4198 peragi
661 4135 782 4191 ciderunt,
797 4137 878 4183 credi-

59 4192 151 4241 derunt
173 4193 229 4253 ipsi,
247 4202 270 4243 et
295 4195 418 4244 67666666
440 4198 547 4255 66676776
571 4198 775 4255 776676676791.
802 4197 880 4246 Totus

59 4255 251 4305 mundnshrevi
267 4264 375 4318 tempore
391 4259 508 4322 religiono
524 4259 665 4308 Christiana
680 4259 817 4322 completus
833 4268 879 4321 est,

55 4321 114 4368 793.
143 4318 270 4367 67666666
294 4321 419 4382 religionis
442 4321 597 4376 Christiana,
624 4335 667 4382 per
690 4321 775 4369 orbem
801 4329 879 4370 767676

55 4379 138 4436 missi,
156 4380 268 4428 membru
289 4390 312 4429 et
338 4382 434 4432 viscera
459 4398 501 4432 sua
526 4384 642 4431 16676666
660 4382 798 4445 praebuere,
825 4387 877 4432 791.

53 4441 144 4553 {gmon
156 4441 246 4551 616666
261 4457 275 4491 a
292 4443 320 4493 S.
339 4444 414 4494 Petro
428 4460 458 4495 ex
474 4445 576 4494 sublimi
590 4460 645 4495 6676
668 4446 778 4509 dejectus
793 4446 877 4508 perhi-

88 4510 139 4559 trir,
173 4520 212 4552 ·..

86 4564 296 4617 LACTrlll'TlUS.
314 4569 423 4619 -Fieri
442 4584 491 4618 nun
503 4571 583 4632 potuit
600 4578 628 4619 ut
644 4569 739 4618 homini
756 4584 799 4633 per
813 4571 879 4633 seip-

52 4641 112 4676 sum
130 4628 194 4677 ratio
209 4629 295 4679 677766
309 4631 480 4691 innotesceret,
497 4640 520 4680 et
536 4635 590 4683 ideo
607 4648 655 4681 uon
674 4640 710 4681 est
724 4647 813 4696 passus
831 4634 877 4680 lio·

52 4690 150 4738 minem
165 4689 231 4739 bons
247 4692 327 4741 iumen
344 4693 479 4756 Sapientia
497 4697 663 4757 requirentem
678 4695 772 4744 diutins
786 4709 877 4750 errare,

53 4766 82 4800 ac
99 4751 428 4804 677767711616667766716676
444 4758 530 4815 766677
547 4772 589 4820 pei·
608 4758 721 4806 tenebras
745 4757 879 4806 inextrica-

54 4812 143 4863 biles:
160 4815 258 4877 aperuit
275 4819 363 4866 6677166
380 4819 433 4886 ejus
450 4819 596 4881 6176666716,
610 4828 634 4869 67
650 4821 773 4869 notionem
789 4820 879 4868 767176-

53 4876 87 4924 tis
104 4890 197 4925 munus
212 4892 286 4927 snum
302 4881 368 4937 tecit,
385 4889 412 4929 rit
427 4889 451 4929 67
465 4882 601 4930 humanam
619 4883 768 4946 sapientiam
782 4882 878 4930 nullam

54 4952 112 4986 esse
135 4948 291 4994 monstraret,
304 4950 327 4989 et
353 4942 444 4991 erranti
471 4959 499 4992 ac
520 4958 584 5007 7666
606 4946 674 4993 77676
696 4944 877 5017 6666667766716,

54 5000 254 5051 immobilitatis
276 5006 423 5057 ostenderet,
448 5005 490 5063 Vl,
516 5010 567 5054 113.
586 5006 681 5069 Sibylla
706 5007 821 5067 praedixit
848 5006 878 5053 tie

54 5064 155 5112 Christo
169 5065 264 5113 6767776
281 5067 355 5114 reims
370 5065 497 5127 religionis
512 5067 666 5127 Christianae,
683 5072 803 5124 tot-totu
819 5073 878 5119 303-

55 5129 112 5175 313.
137 5125 206 5175 67667
224 5127 346 5184 Christus,
361 5143 418 5176 cum
440 5130 503 5179 iuter
517 5131 629 5179 homines
643 5139 734 5189 ageret,
748 5133 878 5180 universos

55 5187 185 5236 daemones
206 5190 281 5237 767176
304 5190 412 5252 ligabat,
436 5192 614 5254 hominumque
639 5201 731 5241 mentes
746 5200 840 5242 emotas
854 5198 879 5240 et

55 5250 130 5298 malis
147 5250 333 5302 incursionibus
356 5253 470 5313 furiatas,
485 5254 510 5302 in
529 5270 619 5303 sensus
639 5255 756 5317 pristinos
778 5269 880 5317 repone·

55 5312 110 5367 bat,
135 5313 170 5360 ita
194 5327 259 5363 nunc
284 5325 417 5364 sectatores
432 5318 485 5377 ejas
502 5317 602 5364 eosdem
617 5317 719 5379 spiritus
735 5316 879 5379 inquinatos

54 5375 86 5423 66
106 5377 258 5434 hominibus,
276 5386 299 5426 et
314 5380 414 5426 nomine
430 5378 543 5437 magistri
560 5379 599 5426 sui
615 5389 639 5426 et
654 5379 725 5440 signo
742 5378 878 5432 Passionis,

55 5438 213 5496 6761671667ς
238 5453 294 5488 6667
311 5449 368 5489 6667
393 5440 441 5488 diis
462 5442 514 5489 suis
532 5440 670 5495 immolant,
685 5440 707 5488 si
721 5440 820 5488 assistat
834 5440 880 5488 aii·

54 5501 115 5561 quis
139 5500 261 5559 signatam
280 5504 384 5551 frontem
400 5517 496 5564 gerens,
514 5517 584 5551 sacro
601 5502 669 5550 nullo
687 5503 762 5550 modo
786 5503 877 5551 litant:

54 5580 69 5606 ι
85 5561 135 5610 Nec
153 5576 272 5624 respousa
287 5573 370 5627 potest
388 5565 517 5613 consultos
540 5564 639 5613 reddere
660 5573 739 5619 76766,
757 5586 767 5606 ιι
787 5568 833 5614 336
857 5571 881 5612 67

53 5626 112 5673 886.
140 5624 275 5676 Christiani
303 5628 407 5676 cruciari
433 5637 457 5674 at
479 5643 508 5675 ue
539 5627 643 5675 interlici
672 5627 775 5686 malunt,
805 5639 879 5692 quam

55 5687 133 5736 thura
155 5687 235 5738 tribus
259 5689 343 5753 digitis
366 5642 591 5754 comprehensum
609 5690 688 5740 166667
706 5689 808 5752 iactare,
824 5691 880 5746 610,

732 159 836 219 16111111
855 159 896 219 611
916 159 1102 221 1116166166.

1705 153 1759 216 att

935 286 991 335 611.
1002 284 1141 346 66766666,
1152 299 1208 334 6667
1218 298 1324 348 corpora
1333 281 1464 333 hominum
1472 288 1597 352 occupant
1606 279 1756 353 animasque

936 348 1061 406 divexant,
1078 347 1223 411 abjurantur
1245 363 1259 395 a
1282 345 1441 401 Christianis,
1463 352 1488 392 et
1515 342 1681 413 nonunelier
1706 356 1757 391 ueri

936 410 1069 470 lugentur,
1086 424 1135 471 666
1149 411 1246 467 666776,
1262 417 1379 466 77676667,
1395 406 1535 455 6761667667
1551 413 1575 454 67
1588 419 1630 454 7777
1652 418 1679 452 66
1699 416 1756 452 767-

934 471 1066 534 berarique
1081 479 1212 531 testantur,
1226 480 1250 520 et
1262 468 1425 532 interroganti
1435 467 1482 538 667Ι
1493 468 1552 525 6767,
1564 467 1666 530 quando
1680 479 1756 537 vene-

935 532 994 590 rint,
1018 534 1144 596 quomodo
1168 534 1192 582 in
1215 534 1342 582 bominem
1368 530 1695 601 irrepserintcontitentur,
1721 541 1758 576 sic

935 595 1022 643 extorti
1045 602 1068 643 et
1089 596 1222 644 excruciati
1245 596 1335 644 7777676
1360 594 1439 642 677767
1462 606 1581 648 nominis,
1601 590 1756 661 exsolantur,

934 659 989 705 673.
1010 657 1071 704 Cum
1089 658 1140 719 jam
1163 657 1226 706 Nero
1251 657 1392 719 imperaret,
1411 657 1497 705 l‘etrus
1519 655 1624 724 Romam
1645 653 1756 724 6676677,

935 727 959 766 67
979 718 1052 767 667776
1073 719 1221 781 quibusdum
1247 719 1385 768 miraculis.
1409 732 1465 779 67767
1488 716 1579 765 virtute
1602 729 1685 777 ipsius
1702 715 1755 769 1167.

935 781 995 828 data
1012 780 1060 830 sibi
1084 782 1116 829 ab
1140 796 1169 829 eo
1189 788 1317 843 potestate,
1339 780 1454 836 iaciebat,
1480 777 1600 827 convertit
1619 778 1709 824 multos
1724 775 1756 848 ad

933 843 1069 903 justitiam,
1093 843 1191 901 11666776.
1213 843 1333 904 7676617776
1353 841 1423 890 tidele
1447 856 1475 889 ric
1497 840 1587 888 stabile
1613 839 1756 896 6611666777,

936 904 989 959 111,
1008 908 1131 964 193196.
1147 905 1319 953 Commuiiitus
1333 912 1370 951 est
1384 905 1409 951 in
1421 903 1505 966 quiete
1521 900 1711 957 Constantinus,
1729 907 1758 948 ut
1777 924 1783 935 s

936 966 1036 1014 creleste
1059 967 1158 1028 signum
1177 966 1219 1014 1167
1242 973 1339 1015 77676767
1363 965 1389 1014 76
1418 964 1503 1022 scutis,
1527 974 1602 1027 atque
1625 963 1661 1012 ita
1688 976 1755 1026 prce·

935 1029 997 1077 lium
1018 1030 1190 1077 committeret.
1212 1028 1279 1077 Fecit
1300 1036 1325 1076 ut
1350 1029 1437 1090 jussus
1466 1033 1512 1083 est,
1528 1035 1551 1074 et
1580 1033 1707 1096 tranuersa
1736 1024 1758 1074 x

936 1091 1031 1139 litteras
1042 1105 1126 1140 67777776
1137 1091 1217 1153 capite
1228 1090 1395 1143 circuoitieio,
1406 1089 1531 1138 Christum
1545 1088 1571 1136 in
1584 1095 1660 1136 scutis
1673 1094 1742 1158 notat
1748 1100 1756 1149 ;

937 1167 986 1213 6776
1001 1154 1073 1207 signo
1089 1162 1199 1201 armatus
1213 1154 1337 1201 exercitus
1349 1152 1417 1215 capit
1432 1152 1534 1199 serrum.
1552 1150 1666 1198 Procedit
1679 1149 1757 1220 hostis

937 1216 1037 1264 obuiam
1057 1216 1112 1263 sine
1130 1217 1289 1276 imperatore,
1312 1227 1463 1277 perirentque
1482 1212 1670 1272 transgreditur.
1682 1212 1757 1260 716766

937 1278 990 1337 pari
1019 1278 1097 1325 tronto
1126 1277 1260 1326 concurrit.
1290 1276 1392 1325 Summa
1421 1275 1447 1324 vi
1475 1275 1591 1336 atrioque
1624 1281 1756 1336 pugnatur.

937 1338 1021 1401 Neque
1042 1341 1081 1388 liis
1103 1340 1162 1401 luga
1183 1348 1349 1402 notamque
1375 1337 1438 1386 illis.
1457 1336 1495 1385 Fit
1519 1335 1757 1406 morbescente...

937 1401 1049 1464 Tumque
1069 1412 1169 1465 reperite
1186 1403 1295 1466 populus
1321 1415 1380 1450 77776
1398 1399 1548 1458 subclamat,
1568 1397 1758 1469 Constantinum

936 1462 1002 1512 vinci
1018 1477 1066 1510 non
1092 1479 1172 1526 posse,
1197 1469 1251 1514 761.
1273 1462 1368 1511 Licinio
1392 1460 1531 1524 quiescenti
1549 1467 1631 1508 asistit
1654 1460 1759 1520 angelus

937 1526 981 1574 Dei
1002 1535 1150 1574 6766677667
1170 1526 1240 1576 ocius
1258 1533 1375 1586 surgeret,
1397 1532 1473 1584 atque
1492 1529 1574 1570 irroret
1591 1521 1670 1592 116676
1687 1535 1758 1593 677777-Ι

937 1601 1076 1636 mumcum
1103 1588 1171 1636 ouini
1201 1588 1310 1637 exercitu
1339 1600 1398 1645 suo;
1417 1585 1488 1634 iltius
1516 1586 1568 1634 loro
1585 1591 1721 1643 victoriam,
1738 1596 1760 1631 si

936 1650 1045 1701 iecisset.
1059 1650 1119 1699 Post
1133 1651 1179 1699 bas
1194 1665 1277 1708 voces,
1295 1664 1351 1697 eum
1367 1663 1466 1711 surgere
1486 1647 1535 1695 sibi
1553 1647 1622 1695 visus
1638 1652 1712 1704 esset,
1736 1654 1761 1695 et

937 1726 993 1760 cum
1016 1712 1069 1774 ipso
1087 1713 1128 1774 qni
1152 1713 1270 1783 76666667
1293 1720 1394 1770 6676767,
1411 1719 1468 1760 tunc
1494 1709 1598 1757 docebat
1621 1722 1677 1756 eum
1695 1720 1760 1818 6776·

937 1774 1012 1823 76666
1032 1783 1056 1823 67
1079 1775 1171 1836 677717776
1199 1774 1284 1824 7671776
1307 1782 1374 1823 66667
1399 1773 1530 1827 orandum,
1558 1773 1614 1820 eet.
1639 1770 1761 1834 Perpura

938 1837 1053 1885 miranda
1068 1839 1207 1886 reseruntur
1219 1837 1245 1886 76
1260 1851 1333 1900 66676
1350 1850 1355 1884 ;
1372 1837 1408 1884 lte
1424 1834 1548 1884 uiortihus
1561 1836 1759 1896 persecutorum,

939 1902 1052 1948 1116675.

968 1959 1121 2010 Ettsuuttts
1141 1960 1330 2010 utitutttitts.
1355 1957 1596 2008 —Constantinum
1624 1955 1762 2018 imperato·

938 2036 999 2081 rem,
1016 2023 1083 2071 lieris
1112 2023 1161 2071 diei
1193 2024 1350 2076 meridianis,
1376 2022 1428 2071 sole
1454 2020 1479 2069 in
1498 2033 1620 2089 occasum
1636 2025 1761 2080 vergente,

939 2085 1019 2133 erucis
1035 2093 1154 2146 tropicum
1172 2085 1197 2133 76
1216 2085 1394 2135 6616671666
1418 2082 1623 2135 6667167667,6617
1640 2094 1761 2154 superpo3

939 2148 1025 2203 situm,
1044 2147 1106 2209 ipsis
1126 2148 1205 2196 6677176
1226 2162 1252 2196 66
1271 2148 1364 2196 cidisse
1383 2144 1519 2195 6767676777
1541 2158 1597 2192 6676
1618 2142 1761 2205 hujusmodi

938 2209 1108 2272 inscriptione,
1124 2210 1176 2257 Huc
1197 2210 1276 2267 eirico,
1292 2209 1318 2258 in
1335 2209 1385 2257 7776
1399 2205 1568 2260 Constantini,
1585 2204 1651 2278 Vlll,
1664 2208 1703 2262 23,
1720 2208 1760 2254 23.

939 2271 1153 2331 Quemadmodum
1166 2272 1241 2320 blesis
1255 2288 1283 2320 ae
1293 2271 1413 2333 religiosae
1422 2269 1549 2333 quondam
1560 2274 1638 2329 gentis
1648 2267 1761 2340 116177766-

939 2348 993 2382 7667
1010 2333 1171 2395 temporibus,
1188 2333 1254 2382 licus
1270 2349 1358 2397 currus¹
1371 2341 1395 2381 et
1409 2332 1532 2381 exercitus
1547 2330 1685 2379 Pharaonis
1701 2343 1761 2393 pro·

928 2395 998 2458 jecit
1019 2396 1043 2443 iri
1066 2410 1133 2444 maro
1156 2405 1180 2444 et
1204 2397 1322 2446 tiuctihus
1342 2395 1448 2458 operuit,
1464 2394 1499 2441 sic
1520 2393 1592 2455 plane
1609 2391 1760 2451 Maxentius,

938 2466 1080 2521 persecutor
1104 2458 1312 2516 Christianorum,
1337 2466 1361 2506 ct
1388 2457 1542 2528 quicumque
1566 2455 1659 2526 circuni
1684 2455 1761 2526 illum

938 2528 1016 2577 erant,
1040 2520 1132 2569 milites
1151 2535 1179 2567 uc
1202 2521 1345 2582 stipatores,
1361 2521 1441 2568 instar
1457 2519 1547 2576 lapidis
1564 2531 1591 2565 76
1609 2517 1761 2566 altissimum

938 2581 1035 2630 Tiberis
1048 2583 1169 2643 6777677676
1183 2583 1352 2638 conciderunt,
1369 2586 1408 2638 ⁹25,
1424 2584 1463 2630 26.
1482 2579 1638 2649 Ubicumque
1653 2579 1678 2627 in
1698 2593 1762 2649 prie-

938 2644 979 2691 iiis
1003 2644 1083 2691 crucis
1107 2644 1207 2706 6766667
1230 2644 1320 2698 alluit,
1340 2652 1414 2707 parta
1437 2641 1763 2699 66777676776,38.117667

938 2705 1126 2768 6766716776667
1144 2706 1213 2763 777677,
1232 2707 1442 2761 76767166766667;
1460 2703 1504 2766 qui
1521 2717 1580 2774 7676
1603 2702 1690 2775 fidens
1702 2716 1761 2766 per-

938 2776 1072 2825 manserat,
1089 2767 1223 2816 incolumis
1238 2769 1326 2821 evasit,
1345 2770 1383 2817 39.
1399 2767 1579 2816 Constantinus
1594 2779 1669 2814 orans
1683 2780 1710 2814 in
1724 2771 1762 2812 ta-

937 2828 1074 2877 bernaculo
1089 2829 1216 2877 uictoriam
1234 2831 1341 2890 adeptus
1358 2836 1403 2883 est,
1421 2832 1463 2876 46.
1672 2886 1677 2896 Ι

969 2890 1182 2941 retrusurus.
1198 2917 1226 2931 -
1246 2891 1270 2940 S.
1287 2891 1397 2940 llilarius
1415 2904 1445 2938 ex
1460 2889 1541 2936 insula
1555 2887 1696 2936 Gallinaria
1711 2900 1763 2936 ser·

936 2960 1024 3016 pentes
1039 2953 1115 3014 fugat,
1134 2953 1255 3001 infantem
1273 2954 1327 3000 sine
1344 2952 1468 3013 baptismo
1485 2950 1629 2998 defunctum
1647 2948 1761 3008 suscitat,

936 3014 1010 3065 ilbrae
1033 3014 1091 3063 17776
1115 3021 1139 3062 67
1157 3015 1229 3062 uxori
1256 3022 1361 3063 mortem
1386 3013 1502 3076 precibus
1520 3012 1625 3070 obtinet,
1643 3011 1686 3068 tx,
1704 3014 1761 3070 196,

939 3079 991 3133 tot,
1008 3081 1059 3126 797.
1077 3076 1101 3125 6.
1122 3076 1210 3126 11716777
1228 3076 1389 3147 reliquiarum
1406 3090 1453 3138 ope
1471 3074 1610 3122 6761776666
1627 3072 1760 3145 moribun-

937 3139 983 3187 dus
999 3146 1116 3196 66667777;
1133 3140 1182 3187 666
1195 3140 1288 3200 leprosi
1304 3139 1458 3187 mundantur
1475 3138 1505 3186 de
1521 3136 1623 3199 pulvere
1642 3136 1759 3208 sepulcri:

936 3200 1022 3249 ilarius
1045 3210 1172 3250 contracta
1193 3208 1304 3257 sanatur,
1330 3215 1396 3249 67666
1422 3200 1491 3248 visus
1516 3198 1636 3255 redditur,
1660 3196 1761 3247 mulieri

937 3277 1027 3311 maniis
1043 3263 1112 3311 arida
1128 3263 1241 3311 redditur
1257 3277 1327 3320 sana,
1345 3263 1371 3311 iri
1389 3276 1440 3311 una
1456 3261 1542 3324 puella
1559 3260 1630 3319 plura
1651 3259 1761 3309 eduntur

937 3325 1068 3381 miracula,
1096 3325 1127 3373 de
1154 3339 1223 3374 cereo
1247 3325 1378 3382 miraculo,
1397 3327 1522 3381 193196,
1547 3326 1601 3379 197,
1625 3323 1679 3378 198,
1704 3325 1759 3372 199.

936 3387 1060 3436 67666676
1075 3387 1098 3436 S.
1118 3386 1223 3444 Hilario,
1236 3388 1353 3436 lueretica
1366 3387 1568 3436 machinamenta
1581 3384 1702 3447 prolicere
1711 3399 1759 3433 non

953 3457 1051 3505 essunt,
1069 3454 1121 3499 196.

935 3464 992 3561 ps.
1014 3509 1107 3562 iuno.
1131 3538 1162 3548 -
1178 3511 1200 3560 Λ
1217 3511 1285 3561 malo
1306 3511 1398 3576 spiritu
1413 3510 1514 3560 sanavit
1529 3507 1635 3579 Gallieni
1652 3507 1760 3556 Caesaris

935 3573 1031 3634 6177776;
1050 3576 1124 3623 776766
1150 3588 1205 3621 6667
1235 3574 1299 3623 6666
1328 3574 1472 3624 submersos
1496 3572 1594 3641 redusit
1616 3585 1630 3618 a
1654 3570 1758 3633 pelago,

936 3637 1028 3684 multos
1052 3636 1169 3685 liberavit
1188 3636 1221 3684 ab
1245 3637 1315 3685 hoste
1336 3636 1463 3700 pestifero,
1487 3634 1595 3704 6116776
1617 3641 1760 3695 exemptum

936 3699 1070 3747 suscitarit
1097 3706 1234 3757 mortuum,
1260 3698 1574 3748 66717676616666776777
1597 3709 1641 3756 per
1669 3694 1758 3744 crebra

934 3759 1038 3821 jejunia,
1056 3761 1110 3822 ejus
1120 3769 1231 3823 potestas
1244 3756 1758 3821 76666676777666766666,111,131,134.

937 3822 1080 3871 1667777676
1100 3822 1196 3870 Verona
1218 3821 1303 3871 1167616
1329 3821 1353 3871 S.
1378 3823 1486 3871 Zenonis
1513 3819 1630 3890 martyris
1655 3818 1759 3882 666666

934 3898 1006 3946 aquae.
1023 3885 1136 3933 tiominis
1151 3884 1251 3932 dihesis
1268 3898 1348 3946 usque
1362 3885 1394 3932 66
1406 3882 1537 3945 superiora
1551 3889 1618 3938 tecti,
1634 3881 1757 3931 fenestras

936 3945 1045 3994 eeclesia.
1059 3946 1129 3995 illins
1144 3953 1315 4003 eicreverunt,
1332 3960 1376 3994 nec
1391 3947 1416 3994 in
1435 3959 1489 3993 eain
1506 3945 1596 3992 intrare
1612 3951 1755 4005 potuerunt,

934 4009 1050 4056 uirtutem
1065 4016 1126 4056 mart
1140 4009 1182 4056 'ris
1197 4008 1361 4064 ostendentes,
1378 4009 1430 4056 133.

966 4071 992 4119 S.
1006 4024 1158 4120 06771766.
1173 4095 1204 4105 -
1219 4070 1334 4119 16176666
1351 4076 1473 4132 66667676,
1487 4067 1621 4125 7766676767
1635 4067 1757 4127 prolanus
1780 4070 1785 4080 “

934 4140 958 4181 67
974 4132 1117 4194 sacrilegiis,
1133 4132 1200 4193 justo
1220 4131 1260 4180 1167
1273 4130 1371 4192 judicio
1393 4129 1506 4186 moritur,
1524 4127 1646 4197 111969.
1675 4127 1757 4198 11666-

934 4193 999 4242 rista
1018 4194 1148 4254 iusserunt
1173 4193 1354 4242 Eucharistiam
1385 4189 1490 4242 nauibus
1519 4189 1599 4260 tundi,
1625 4202 1757 4260 nonerne

934 4258 1006 4317 signo
1019 4256 1098 4304 diuini
1110 4255 1216 4316 judicii;
1236 4269 1294 4304 nam
1308 4254 1385 4303 iideni
1400 4268 1474 4303 canes
1488 4266 1585 4323 accensi
1600 4250 1678 4308 rabie,
1687 4265 1756 4314 ipsos

933 4318 1050 4367 dominos
1067 4331 1135 4371 suos,
1152 4317 1227 4380 quasi
1245 4319 1362 4375 16776666,
1379 4315 1460 4364 666677
1477 4329 1587 4377 corporis
1604 4328 1666 4370 reos,
1684 4315 1756 4363 dente

932 4380 1042 4436 vindice,
1060 4388 1181 4444 tanquam
1208 4380 1306 4442 ignotos
1329 4388 1352 4429 et
1368 4378 1483 4428 inimicos
1507 4377 1676 4425 laniarerunt.
1692 4377 1753 4424 7176-

933 4443 1026 4515 6617676
1042 4457 1145 4505 66677776
1161 4442 1308 4491 Chrisiiiatis
1329 4455 1372 4504 per
1391 4441 1536 4492 fenestram,
1557 4447 1585 4487 nt
1604 4439 1755 4509 frangerent,

930 4513 1096 4569 jactaverunt,
1114 4512 1138 4552 et
1155 4519 1212 4553 cum
1229 4518 1315 4552 casum
1329 4505 1458 4566 adjuvaret
1475 4502 1594 4560 abjectio,
1613 4515 1661 4550 non
1676 4501 1757 4551 deluit

933 4582 1022 4616 6767766
1037 4567 1147 4629 angelico
1164 4581 1220 4629 67776
1233 4567 1370 4629 ampullam
1386 4565 1491 4628 spiritali
1507 4564 1664 4613 subvectione
1676 4563 1756 4612 dedit·

932 4638 1014 4684 cieret:
1029 4631 1140 4701 projecta
1157 4642 1241 4677 casum
1259 4629 1352 4677 sentire
1368 4642 1418 4676 non
1436 4626 1530 4689 potuit;
1551 4625 1600 4674 066
1626 4626 1755 4674 muniente

931 4693 1013 4740 7117666
1028 4700 1091 4739 777767
1109 4705 1169 4738 6676
1185 4691 1306 4748 consedit,
1324 4690 1366 4747 hl,
1383 4693 1437 4740 uta.
1454 4688 1487 4737 66
1504 4688 1626 4752 martyrio
1644 4687 1687 4739 SS.
1706 4687 1755 4736 116-

932 4754 983 4802 77671
997 4762 1021 4801 67
1033 4753 1145 4810 Florenti,
1161 4756 1228 4802 7013.
1587 4811 1592 4820 ,
1659 4811 1664 4820 ¹
1821 4758 1828 4769 ¹

964 4815 989 4865 S.
1005 4815 1165 4865 ttittssttttus.
1191 4843 1214 4852 υ
1231 4815 1286 4863 Vox
1303 4814 1408 4863 76766776
1425 4813 1502 4861 767767
1520 4825 1637 4860 sonuisse
1657 4826 1683 4859 in
1707 4825 1753 4873 66-

931 4878 990 4940 6616
1006 4877 1166 4927 Ambrosium
1182 4878 1336 4940 episcopum,
1347 4886 1371 4925 ct
1386 4878 1418 4923 ad
1433 4876 1487 4947 6766
1502 4876 1568 4921 76676
1580 4887 1667 4944 sonum
1680 4874 1755 4944 totius

932 4941 1019 5004 populi
1030 4953 1075 4988 ora
1088 4954 1209 4988 66676766
1222 4949 1292 4997 sunt,
1307 4941 1469 4988 acclamantis
1482 4935 1642 5007 Ambrosium
1657 4949 1756 4997 episce-

930 5017 1002 5065 pnm,
1025 5003 1122 5051 177773.
1139 5001 1399 5059 .1676777777,111,69.
1415 4998 1535 5060 66676676
1553 4998 1642 5048 6761767
1653 4998 1754 5058 667617·-

932 5066 989 5120 7766,
1006 5066 1032 5112 777
1057 5067 1120 5112 16676
1142 5065 1283 5126 jurensia
1309 5064 1399 5112 sellula
1421 5069 1515 5123 gestata
1536 5068 1573 5108 est
1598 5059 1630 5108 ad
1646 5059 1672 5108 S.
1692 5059 1754 5131 7167-

932 5126 1052 5183 lipsium,
1070 5135 1093 5173 et
1110 5127 1164 5188 ipso
1181 5135 1266 5174 orante
1281 5133 1304 5172 et
1321 5140 1411 5174 maniis
1430 5126 1572 5192 imponente
1590 5129 1678 5192 sanata
1699 5121 1754 5179 luit,

932 5195 971 5240 30.
985 5189 1011 5236 S.
1029 5189 1176 5237 Ambrosius
1194 5188 1321 5247 67776766
1337 5189 1487 5236 Asianorum
1505 5191 1661 5233 vestimentis
1678 5189 1755 5254 attra-

932 5261 986 5299 ctus
1011 5259 1038 5298 67
1055 5250 1187 5308 pelleretur
1208 5250 1239 5298 66
1254 5251 1368 5304 ecclesio,
1385 5248 1457 5296 illam
1474 5247 1605 5316 6716766677
1621 5245 1755 5316 76767776-

933 5313 1027 5362 dicium
1048 5311 1091 5360 667
1116 5326 1146 5360 66
1172 5312 1219 5360 sihi
1237 5312 1298 5360 76617
1316 5310 1412 5373 aliquid
1435 5315 1553 5358 67667767.
1572 5307 1643 5367 Quod
1660 5308 1756 5358 dictum

933 5378 1014 5424 677766
1038 5374 1212 5430 666777676777;
1231 5388 1288 5422 nam
1305 5375 1355 5423 alio
1370 5372 1411 5420 die
1426 5379 1550 5419 mortuum
1566 5370 1597 5417 671
1614 5370 1757 5433 sepulcrum

933 5452 1012 5499 usque
1040 5436 1151 5489 deduxit,
1179 5436 1285 5493 gratiam
1313 5451 1359 5497 pro
1387 5433 1539 5481 contumelia
1558 5434 1715 5503 rependeris,
1734 5439 1758 5480 et

935 5501 979 5547 1766
997 5499 1100 5549 incussit
1117 5498 1233 5547 omnihus
1251 5499 1376 5553 timorem,
1390 5500 1428 5545 31.
1445 5495 1596 5556 Eutliyniins
1611 5504 1757 5557 carpentum

934 5563 1056 5611 malitioso
1080 5570 1159 5623 66767.
1177 5575 1228 5622 7776
1251 5561 1276 5609 S.
1293 5558 1453 5608 Ambrosium
1470 5565 1568 5620 raptum
1595 5558 1702 5606 traheret
1725 5557 1758 5607 671

933 5625 1050 5674 6767177776
1067 5641 1072 5671 ;
1098 5631 1123 5672 at
1152 5626 1175 5671 in
1198 5638 1227 5671 iio
1249 5630 1377 5684 carpento,
1390 5621 1460 5684 justo
1478 5619 1522 5668 1167
1535 5619 1638 5682 judicio,
1653 5619 1760 5691 ipsemet

934 5687 1049 5752 dirigitur
1063 5686 1095 5737 ad
1112 5687 1228 5736 exsilium
1251 5685 1319 5750 quod
1336 5690 1469 5749 parauerat
1483 5681 1507 5734 S.
1535 5682 1677 5742 Ambrosio,
1695 5681 1758 5732 11776.
